[{"finalLink": "https://www.sec.gov/Archives/edgar/data/789019/000156459019027952/msft-10k_20190630.htm", "sellingAndMarketingExpenses": 18213000000, "revenue": 125843000000, "researchAndDevelopmentExpenses": 16876000000, "acceptedDate": "2019-08-01 16:09:55", "fillingDate": "2019-08-01", "weightedAverageShsOutDil": 7753000000, "costAndExpenses": 82884000000, "ebitda": 54641000000, "ebitdaratio": 0.43419975684, "incomeBeforeTaxRatio": 0.125545322346, "incomeTaxExpense": 4448000000, "totalOtherIncomeExpensesNet": 729000000, "grossProfit": 82933000000, "otherExpenses": 0.0, "incomeBeforeTax": 15799000000, "operatingExpenses": 39974000000, "generalAndAdministrativeExpenses": 4885000000, "netIncome": 39240000000, "symbol": "MSFT", "weightedAverageShsOut": 7673000000, "period": "FY", "link": "https://www.sec.gov/Archives/edgar/data/789019/000156459019027952/0001564590-19-027952-index.htm", "date": "2019-06-30", "netIncomeRatio": 0.311817105441, "grossProfitRatio": 0.659019572006, "interestExpense": 2686000000, "eps": 5.11, "epsdiluted": 5.06, "depreciationAndAmortization": 11682000000, "costOfRevenue": 42910000000, "operatingIncomeRatio": 0.341369802055, "operatingIncome": 42959000000}, {"finalLink": "https://www.sec.gov/Archives/edgar/data/789019/000156459018019062/msft-10k_20180630.htm", "sellingAndMarketingExpenses": 17469000000, "revenue": 110360000000, "researchAndDevelopmentExpenses": 14726000000, "acceptedDate": "2018-08-03 11:03:33", "fillingDate": "2018-08-03", "weightedAverageShsOutDil": 7794000000, "costAndExpenses": 75302000000, "ebitda": 45319000000, "ebitdaratio": 0.410646973541, "incomeBeforeTaxRatio": 0.104449075752, "incomeTaxExpense": 19903000000, "totalOtherIncomeExpensesNet": 1416000000, "grossProfit": 72007000000, "otherExpenses": 1416000000, "incomeBeforeTax": 11527000000, "operatingExpenses": 36949000000, "generalAndAdministrativeExpenses": 4754000000, "netIncome": 16571000000, "symbol": "MSFT", "weightedAverageShsOut": 7700000000, "period": "FY", "link": "https://www.sec.gov/Archives/edgar/data/789019/000156459018019062/0001564590-18-019062-index.htm", "date": "2018-06-30", "netIncomeRatio": 0.150154041319, "grossProfitRatio": 0.652473722363, "interestExpense": 2733000000, "eps": 2.15, "epsdiluted": 2.13, "depreciationAndAmortization": 10261000000, "costOfRevenue": 38353000000, "operatingIncomeRatio": 0.317669445451, "operatingIncome": 35058000000}, {"finalLink": "https://www.sec.gov/Archives/edgar/data/789019/000156459017014900/msft-10k_20170630.htm", "sellingAndMarketingExpenses": 15539000000, "revenue": 89950000000, "researchAndDevelopmentExpenses": 13037000000, "acceptedDate": "2017-08-02 16:15:01", "fillingDate": "2017-08-02", "weightedAverageShsOutDil": 7832000000, "costAndExpenses": 67318000000, "ebitda": 31104000000, "ebitdaratio": 0.345792106726, "incomeBeforeTaxRatio": 0.00503613118399, "incomeTaxExpense": 1945000000, "totalOtherIncomeExpensesNet": 823000000, "grossProfit": 55689000000, "otherExpenses": 823000000, "incomeBeforeTax": 453000000, "operatingExpenses": 33057000000, "generalAndAdministrativeExpenses": 4481000000, "netIncome": 21204000000, "symbol": "MSFT", "weightedAverageShsOut": 7746000000, "period": "FY", "link": "https://www.sec.gov/Archives/edgar/data/789019/000156459017014900/0001564590-17-014900-index.htm", "date": "2017-06-30", "netIncomeRatio": 0.235730961645, "grossProfitRatio": 0.619110617009, "interestExpense": 2222000000, "eps": 2.74, "epsdiluted": 2.71, "depreciationAndAmortization": 8778000000, "costOfRevenue": 34261000000, "operatingIncomeRatio": 0.248204558088, "operatingIncome": 22326000000}, {"finalLink": "https://www.sec.gov/Archives/edgar/data/789019/000119312516662209/d187868d10k.htm", "sellingAndMarketingExpenses": 14697000000, "revenue": 85320000000, "researchAndDevelopmentExpenses": 11988000000, "acceptedDate": "2016-07-28 16:12:18", "fillingDate": "2016-07-28", "weightedAverageShsOutDil": 8013000000, "costAndExpenses": 64028000000, "ebitda": 26804000000, "ebitdaratio": 0.31415846226, "incomeBeforeTaxRatio": -0.00380918893577, "incomeTaxExpense": 2953000000, "totalOtherIncomeExpensesNet": -431000000, "grossProfit": 52540000000, "otherExpenses": -431000000, "incomeBeforeTax": -325000000, "operatingExpenses": 31248000000, "generalAndAdministrativeExpenses": 4563000000, "netIncome": 16798000000, "symbol": "MSFT", "weightedAverageShsOut": 7925000000, "period": "FY", "link": "https://www.sec.gov/Archives/edgar/data/789019/000119312516662209/0001193125-16-662209-index.htm", "date": "2016-06-30", "netIncomeRatio": 0.196882325363, "grossProfitRatio": 0.615799343647, "interestExpense": 1243000000, "eps": 2.12, "epsdiluted": 2.1, "depreciationAndAmortization": 6622000000, "costOfRevenue": 32780000000, "operatingIncomeRatio": 0.236544772621, "operatingIncome": 20182000000}, {"finalLink": "https://www.sec.gov/Archives/edgar/data/789019/000119312515272806/d918813d10k.htm", "sellingAndMarketingExpenses": 15713000000, "revenue": 93580000000, "researchAndDevelopmentExpenses": 12046000000, "acceptedDate": "2015-07-31 15:07:52", "fillingDate": "2015-07-31", "weightedAverageShsOutDil": 8254000000, "costAndExpenses": 75419000000, "ebitda": 24118000000, "ebitdaratio": 0.257726009831, "incomeBeforeTaxRatio": 0.0786813421671, "incomeTaxExpense": 6314000000, "totalOtherIncomeExpensesNet": 346000000, "grossProfit": 60542000000, "otherExpenses": 10011000000, "incomeBeforeTax": 7363000000, "operatingExpenses": 42381000000, "generalAndAdministrativeExpenses": 4611000000, "netIncome": 12193000000, "symbol": "MSFT", "weightedAverageShsOut": 8177000000, "period": "FY", "link": "https://www.sec.gov/Archives/edgar/data/789019/000119312515272806/0001193125-15-272806-index.htm", "date": "2015-06-30", "netIncomeRatio": 0.130294934815, "grossProfitRatio": 0.646954477452, "interestExpense": 781000000, "eps": 1.49, "epsdiluted": 1.48, "depreciationAndAmortization": 5957000000, "costOfRevenue": 33038000000, "operatingIncomeRatio": 0.194069245565, "operatingIncome": 18161000000}, {"finalLink": "https://www.sec.gov/Archives/edgar/data/789019/000119312514289961/d722626d10k.htm", "sellingAndMarketingExpenses": 15811000000, "revenue": 86833000000, "researchAndDevelopmentExpenses": 11381000000, "acceptedDate": "2014-07-31 17:16:52", "fillingDate": "2014-07-31", "weightedAverageShsOutDil": 8399000000, "costAndExpenses": 59074000000, "ebitda": 32971000000, "ebitdaratio": 0.379705872191, "incomeBeforeTaxRatio": 0.0820770905071, "incomeTaxExpense": 5746000000, "totalOtherIncomeExpensesNet": 61000000, "grossProfit": 59899000000, "otherExpenses": 127000000, "incomeBeforeTax": 7127000000, "operatingExpenses": 32140000000, "generalAndAdministrativeExpenses": 4821000000, "netIncome": 22074000000, "symbol": "MSFT", "weightedAverageShsOut": 8299000000, "period": "FY", "link": "https://www.sec.gov/Archives/edgar/data/789019/000119312514289961/0001193125-14-289961-index.htm", "date": "2014-06-30", "netIncomeRatio": 0.2542121083, "grossProfitRatio": 0.689818387019, "interestExpense": 597000000, "eps": 2.66, "epsdiluted": 2.63, "depreciationAndAmortization": 5212000000, "costOfRevenue": 26934000000, "operatingIncomeRatio": 0.319682609146, "operatingIncome": 27759000000}, {"finalLink": "https://www.sec.gov/Archives/edgar/data/789019/000119312513310206/d527745d10k.htm", "sellingAndMarketingExpenses": 15276000000, "revenue": 77849000000, "researchAndDevelopmentExpenses": 10411000000, "acceptedDate": "2013-07-30 16:14:49", "fillingDate": "2013-07-30", "weightedAverageShsOutDil": 8470000000, "costAndExpenses": 51085000000, "ebitda": 30519000000, "ebitdaratio": 0.392028157073, "incomeBeforeTaxRatio": 0.0857300671813, "incomeTaxExpense": 5189000000, "totalOtherIncomeExpensesNet": 288000000, "grossProfit": 57600000000, "otherExpenses": 0.0, "incomeBeforeTax": 6674000000, "operatingExpenses": 30836000000, "generalAndAdministrativeExpenses": 5149000000, "netIncome": 21863000000, "symbol": "MSFT", "weightedAverageShsOut": 8375000000, "period": "FY", "link": "https://www.sec.gov/Archives/edgar/data/789019/000119312513310206/0001193125-13-310206-index.htm", "date": "2013-06-30", "netIncomeRatio": 0.280838546417, "grossProfitRatio": 0.73989389716, "interestExpense": 429000000, "eps": 2.61, "epsdiluted": 2.58, "depreciationAndAmortization": 3755000000, "costOfRevenue": 20249000000, "operatingIncomeRatio": 0.343793754576, "operatingIncome": 26764000000}, {"finalLink": "https://www.sec.gov/Archives/edgar/data/789019/000119312512316848/d347676d10k.htm", "sellingAndMarketingExpenses": 13857000000, "revenue": 73723000000, "researchAndDevelopmentExpenses": 9811000000, "acceptedDate": "2012-07-26 16:12:48", "fillingDate": "2012-07-26", "weightedAverageShsOutDil": 8506000000, "costAndExpenses": 51960000000, "ebitda": 24730000000, "ebitdaratio": 0.335444840823, "incomeBeforeTaxRatio": 0.0217028607083, "incomeTaxExpense": 5289000000, "totalOtherIncomeExpensesNet": 504000000, "grossProfit": 56193000000, "otherExpenses": 23723000000, "incomeBeforeTax": 1600000000, "operatingExpenses": 28237000000, "generalAndAdministrativeExpenses": 4569000000, "netIncome": 16978000000, "symbol": "MSFT", "weightedAverageShsOut": 8396000000, "period": "FY", "link": "https://www.sec.gov/Archives/edgar/data/789019/000119312512316848/0001193125-12-316848-index.htm", "date": "2012-06-30", "netIncomeRatio": 0.230294480691, "grossProfitRatio": 0.762218032364, "interestExpense": 380000000, "eps": 2.02, "epsdiluted": 2.0, "depreciationAndAmortization": 2967000000, "costOfRevenue": 17530000000, "operatingIncomeRatio": 0.295199598497, "operatingIncome": 21763000000}, {"finalLink": "https://www.sec.gov/Archives/edgar/data/789019/000119312511200680/d10k.htm", "sellingAndMarketingExpenses": 13940000000, "revenue": 69943000000, "researchAndDevelopmentExpenses": 9043000000, "acceptedDate": "2011-07-28 14:59:09", "fillingDate": "2011-07-28", "weightedAverageShsOutDil": 8593000000, "costAndExpenses": 42782000000, "ebitda": 29927000000, "ebitdaratio": 0.427876985545, "incomeBeforeTaxRatio": 0.401341092032, "incomeTaxExpense": 4921000000, "totalOtherIncomeExpensesNet": 910000000, "grossProfit": 54366000000, "otherExpenses": 15577000000, "incomeBeforeTax": 28071000000, "operatingExpenses": 27205000000, "generalAndAdministrativeExpenses": 4222000000, "netIncome": 23150000000, "symbol": "MSFT", "weightedAverageShsOut": 8490000000, "period": "FY", "link": "https://www.sec.gov/Archives/edgar/data/789019/000119312511200680/0001193125-11-200680-index.htm", "date": "2011-06-30", "netIncomeRatio": 0.330983801095, "grossProfitRatio": 0.777290079064, "interestExpense": 295000000, "eps": 2.73, "epsdiluted": 2.69, "depreciationAndAmortization": 2766000000, "costOfRevenue": 15577000000, "operatingIncomeRatio": 0.388330497691, "operatingIncome": 27161000000}, {"finalLink": "https://www.sec.gov/Archives/edgar/data/789019/000119312510171791/d10k.htm", "sellingAndMarketingExpenses": 13214000000, "revenue": 62484000000, "researchAndDevelopmentExpenses": 8714000000, "acceptedDate": "2010-07-30 11:30:38", "fillingDate": "2010-07-30", "weightedAverageShsOutDil": 8927000000, "costAndExpenses": 38386000000, "ebitda": 26771000000, "ebitdaratio": 0.428445682095, "incomeBeforeTaxRatio": 0.400310479483, "incomeTaxExpense": 6253000000, "totalOtherIncomeExpensesNet": 915000000, "grossProfit": 50089000000, "otherExpenses": 12454000000, "incomeBeforeTax": 25013000000, "operatingExpenses": 25932000000, "generalAndAdministrativeExpenses": 4004000000, "netIncome": 18760000000, "symbol": "MSFT", "weightedAverageShsOut": 8813000000, "period": "FY", "link": "https://www.sec.gov/Archives/edgar/data/789019/000119312510171791/0001193125-10-171791-index.htm", "date": "2010-06-30", "netIncomeRatio": 0.300236860636, "grossProfitRatio": 0.80162921708, "interestExpense": 151000000, "eps": 2.13, "epsdiluted": 2.1, "depreciationAndAmortization": 2673000000, "costOfRevenue": 12395000000, "operatingIncomeRatio": 0.385666730683, "operatingIncome": 24098000000}, {"finalLink": "https://www.sec.gov/Archives/edgar/data/789019/000119312509158735/d10k.htm", "sellingAndMarketingExpenses": 12879000000, "revenue": 58437000000, "researchAndDevelopmentExpenses": 9010000000, "acceptedDate": "2009-07-30 06:05:07", "fillingDate": "2009-07-30", "weightedAverageShsOutDil": 8996000000, "costAndExpenses": 50229000000, "ebitda": 22925000000, "ebitdaratio": 0.3923028218423259, "incomeBeforeTaxRatio": 0.3391857898249397, "incomeTaxExpense": 5252000000, "totalOtherIncomeExpensesNet": -542000000, "grossProfit": 46282000000, "otherExpenses": 12485000000, "incomeBeforeTax": 19821000000, "operatingExpenses": 38074000000, "generalAndAdministrativeExpenses": 3700000000, "netIncome": 14569000000, "symbol": "MSFT", "weightedAverageShsOut": 8945000000, "period": "FY", "link": "https://www.sec.gov/Archives/edgar/data/789019/000119312509158735/0001193125-09-158735-index.htm", "date": "2009-06-30", "netIncomeRatio": 0.24931122405325393, "grossProfitRatio": 0.7919982203056283, "interestExpense": 0.0, "eps": 1.63, "epsdiluted": 1.62, "depreciationAndAmortization": 2562000000, "costOfRevenue": 12155000000, "operatingIncomeRatio": 0.348460735492924, "operatingIncome": 20363000000}, {"finalLink": "https://www.sec.gov/Archives/edgar/data/789019/000119312508162768/d10k.htm", "sellingAndMarketingExpenses": 13039000000, "revenue": 60420000000, "researchAndDevelopmentExpenses": 8164000000, "acceptedDate": "2008-07-31 17:23:18", "fillingDate": "2008-07-31", "weightedAverageShsOutDil": 9470000000, "costAndExpenses": 49526000000, "ebitda": 24548000000, "ebitdaratio": 0.40628930817610065, "incomeBeforeTaxRatio": 0.39414101290963255, "incomeTaxExpense": 6133000000, "totalOtherIncomeExpensesNet": 1322000000, "grossProfit": 48822000000, "otherExpenses": 11598000000, "incomeBeforeTax": 23814000000, "operatingExpenses": 37928000000, "generalAndAdministrativeExpenses": 5127000000, "netIncome": 17681000000, "symbol": "MSFT", "weightedAverageShsOut": 9328000000, "period": "FY", "link": "https://www.sec.gov/Archives/edgar/data/789019/000119312508162768/0001193125-08-162768-index.htm", "date": "2008-06-30", "netIncomeRatio": 0.29263488910956637, "grossProfitRatio": 0.808043694141013, "interestExpense": 0.0, "eps": 1.9, "epsdiluted": 1.87, "depreciationAndAmortization": 2056000000, "costOfRevenue": 11598000000, "operatingIncomeRatio": 0.37226084078119825, "operatingIncome": 22492000000}, {"finalLink": "https://www.sec.gov/Archives/edgar/data/789019/000119312507170817/d10k.htm", "sellingAndMarketingExpenses": 11455000000, "revenue": 51122000000, "researchAndDevelopmentExpenses": 7121000000, "acceptedDate": "2007-08-03 17:13:48", "fillingDate": "2007-08-03", "weightedAverageShsOutDil": 9886000000, "costAndExpenses": 43291000000, "ebitda": 19964000000, "ebitdaratio": 0.39051680294198193, "incomeBeforeTaxRatio": 0.39319666679707366, "incomeTaxExpense": 6036000000, "totalOtherIncomeExpensesNet": 1577000000, "grossProfit": 40429000000, "otherExpenses": 10693000000, "incomeBeforeTax": 20101000000, "operatingExpenses": 32598000000, "generalAndAdministrativeExpenses": 3329000000, "netIncome": 14065000000, "symbol": "MSFT", "weightedAverageShsOut": 9742000000, "period": "FY", "link": "https://www.sec.gov/Archives/edgar/data/789019/000119312507170817/0001193125-07-170817-index.htm", "date": "2007-06-30", "netIncomeRatio": 0.2751261687727397, "grossProfitRatio": 0.790833691952584, "interestExpense": 0.0, "eps": 1.44, "epsdiluted": 1.42, "depreciationAndAmortization": 1440000000, "costOfRevenue": 10693000000, "operatingIncomeRatio": 0.3623488908884629, "operatingIncome": 18524000000}, {"finalLink": "https://www.sec.gov/Archives/edgar/data/789019/000119312506180008/d10k.htm", "sellingAndMarketingExpenses": 9818000000, "revenue": 44282000000, "researchAndDevelopmentExpenses": 6584000000, "acceptedDate": "2006-08-25 17:13:53", "fillingDate": "2006-08-25", "weightedAverageShsOutDil": 10531000000, "costAndExpenses": 35460000000, "ebitda": 17375000000, "ebitdaratio": 0.3923716182647577, "incomeBeforeTaxRatio": 0.4124023305180434, "incomeTaxExpense": 5663000000, "totalOtherIncomeExpensesNet": 1790000000, "grossProfit": 36632000000, "otherExpenses": 7650000000, "incomeBeforeTax": 18262000000, "operatingExpenses": 27810000000, "generalAndAdministrativeExpenses": 3758000000, "netIncome": 12599000000, "symbol": "MSFT", "weightedAverageShsOut": 10438000000, "period": "FY", "link": "https://www.sec.gov/Archives/edgar/data/789019/000119312506180008/0001193125-06-180008-index.htm", "date": "2006-06-30", "netIncomeRatio": 0.28451741113770834, "grossProfitRatio": 0.8272435752676031, "interestExpense": 0.0, "eps": 1.21, "epsdiluted": 1.2, "depreciationAndAmortization": 903000000, "costOfRevenue": 7650000000, "operatingIncomeRatio": 0.37197958538458065, "operatingIncome": 16472000000}, {"finalLink": "https://www.sec.gov/Archives/edgar/data/789019/000119312505174825/d10k.htm", "sellingAndMarketingExpenses": 8677000000, "revenue": 39788000000, "researchAndDevelopmentExpenses": 6184000000, "acceptedDate": "2005-08-25 19:59:54", "fillingDate": "2005-08-26", "weightedAverageShsOutDil": 10906000000, "costAndExpenses": 31427000000, "ebitda": 15416000000, "ebitdaratio": 0.3874535035689152, "incomeBeforeTaxRatio": 0.41791494923092387, "incomeTaxExpense": 4374000000, "totalOtherIncomeExpensesNet": 2067000000, "grossProfit": 33588000000, "otherExpenses": 6200000000, "incomeBeforeTax": 16628000000, "operatingExpenses": 25227000000, "generalAndAdministrativeExpenses": 4166000000, "netIncome": 12254000000, "symbol": "MSFT", "weightedAverageShsOut": 10839000000, "period": "FY", "link": "https://www.sec.gov/Archives/edgar/data/789019/000119312505174825/0001193125-05-174825-index.htm", "date": "2005-06-30", "netIncomeRatio": 0.3079823062229818, "grossProfitRatio": 0.8441741228511109, "interestExpense": 0.0, "eps": 1.13, "epsdiluted": 1.12, "depreciationAndAmortization": 855000000, "costOfRevenue": 6200000000, "operatingIncomeRatio": 0.3659646124459636, "operatingIncome": 14561000000}, {"finalLink": "https://www.sec.gov/Archives/edgar/data/789019/000119312504150689/d10k.htm", "sellingAndMarketingExpenses": 8309000000, "revenue": 36835000000, "researchAndDevelopmentExpenses": 7779000000, "acceptedDate": "2004-09-01 17:03:00", "fillingDate": "2004-09-01", "weightedAverageShsOutDil": 10894000000, "costAndExpenses": 34517000000, "ebitda": 10220000000, "ebitdaratio": 0.2774535088910004, "incomeBeforeTaxRatio": 0.33109814035564, "incomeTaxExpense": 4028000000, "totalOtherIncomeExpensesNet": 0.0, "grossProfit": 30119000000, "otherExpenses": 6716000000, "incomeBeforeTax": 12196000000, "operatingExpenses": 27801000000, "generalAndAdministrativeExpenses": 4997000000, "netIncome": 8168000000, "symbol": "MSFT", "weightedAverageShsOut": 10803000000, "period": "FY", "link": "https://www.sec.gov/Archives/edgar/data/789019/000119312504150689/0001193125-04-150689-index.htm", "date": "2004-06-30", "netIncomeRatio": 0.2217456223700285, "grossProfitRatio": 0.8176734084430569, "interestExpense": 0.0, "eps": 0.76, "epsdiluted": 0.75, "depreciationAndAmortization": 1186000000, "costOfRevenue": 6716000000, "operatingIncomeRatio": 0.24525587077507804, "operatingIncome": 9034000000}, {"finalLink": "https://www.sec.gov/Archives/edgar/data/789019/000119312503045632/d10k.htm", "sellingAndMarketingExpenses": 6521000000, "revenue": 32187000000, "researchAndDevelopmentExpenses": 4659000000, "acceptedDate": "2003-09-04 19:42:47", "fillingDate": "2003-09-05", "weightedAverageShsOutDil": 10882000000, "costAndExpenses": 24656000000, "ebitda": 14656000000, "ebitdaratio": 0.4553391120638767, "incomeBeforeTaxRatio": 0.4575139031285923, "incomeTaxExpense": 4733000000, "totalOtherIncomeExpensesNet": 0.0, "grossProfit": 26501000000, "otherExpenses": 5686000000, "incomeBeforeTax": 14726000000, "operatingExpenses": 18970000000, "generalAndAdministrativeExpenses": 2104000000, "netIncome": 9993000000, "symbol": "MSFT", "weightedAverageShsOut": 10723000000, "period": "FY", "link": "https://www.sec.gov/Archives/edgar/data/789019/000119312503045632/0001193125-03-045632-index.htm", "date": "2003-06-30", "netIncomeRatio": 0.3104669587100382, "grossProfitRatio": 0.8233448286575326, "interestExpense": 0.0, "eps": 0.93, "epsdiluted": 0.93, "depreciationAndAmortization": 1439000000, "costOfRevenue": 5686000000, "operatingIncomeRatio": 0.410631621462081, "operatingIncome": 13217000000}, {"finalLink": "https://www.sec.gov/Archives/edgar/data/789019/000103221002001351/d10k.htm", "sellingAndMarketingExpenses": 5407000000, "revenue": 28365000000, "researchAndDevelopmentExpenses": 4307000000, "acceptedDate": "2002-09-05 20:20:11", "fillingDate": "2002-09-06", "weightedAverageShsOutDil": 5553000000, "costAndExpenses": 21646000000, "ebitda": 12994000000, "ebitdaratio": 0.45809977084435044, "incomeBeforeTaxRatio": 0.40588753745813505, "incomeTaxExpense": 3684000000, "totalOtherIncomeExpensesNet": 0.0, "grossProfit": 23174000000, "otherExpenses": 5191000000, "incomeBeforeTax": 11513000000, "operatingExpenses": 16455000000, "generalAndAdministrativeExpenses": 1550000000, "netIncome": 7829000000, "symbol": "MSFT", "weightedAverageShsOut": 5406000000, "period": "FY", "link": "https://www.sec.gov/Archives/edgar/data/789019/000103221002001351/0001032210-02-001351-index.htm", "date": "2002-06-30", "netIncomeRatio": 0.2760091662259827, "grossProfitRatio": 0.8169927727833598, "interestExpense": 0.0, "eps": 1.45, "epsdiluted": 1.45, "depreciationAndAmortization": 1084000000, "costOfRevenue": 5191000000, "operatingIncomeRatio": 0.41988365943945005, "operatingIncome": 11910000000}]