[{"finalLink": "https://www.sec.gov/Archives/edgar/data/21344/000002134420000014/a2020032710-q.htm", "sellingAndMarketingExpenses": 0.0, "revenue": 8601000000, "researchAndDevelopmentExpenses": 0.0, "acceptedDate": "2020-04-24 13:58:01", "fillingDate": "2020-04-24", "weightedAverageShsOutDil": 4325000000, "costAndExpenses": 6019000000, "ebitda": 2747000000, "ebitdaratio": 0.319381467271, "incomeBeforeTaxRatio": 0.349959307057, "incomeTaxExpense": 215000000, "totalOtherIncomeExpensesNet": 544000000, "grossProfit": 5230000000, "otherExpenses": 0.0, "incomeBeforeTax": 3010000000, "operatingExpenses": 2648000000, "generalAndAdministrativeExpenses": 2648000000, "netIncome": 2775000000, "symbol": "KO", "weightedAverageShsOut": 4289000000, "period": "Q1", "link": "https://www.sec.gov/Archives/edgar/data/21344/000002134420000014/0000021344-20-000014-index.htm", "date": "2020-03-27", "netIncomeRatio": 0.322636902686, "grossProfitRatio": 0.6080688292059063, "interestExpense": 193000000, "eps": 0.65, "epsdiluted": 0.64, "depreciationAndAmortization": 367000000, "costOfRevenue": 3371000000, "operatingIncomeRatio": 0.276712010231, "operatingIncome": 2380000000}, {"finalLink": "https://www.sec.gov/Archives/edgar/data/21344/000002134420000006/a2019123110-k.htm", "sellingAndMarketingExpenses": 0.0, "revenue": 9068000000, "researchAndDevelopmentExpenses": 0.0, "acceptedDate": "2020-02-24 16:08:17", "fillingDate": "2020-02-24", "weightedAverageShsOutDil": 4314000000, "costAndExpenses": 6790000000, "ebitda": 2564000000, "ebitdaratio": 0.282752536392, "incomeBeforeTaxRatio": 0.266872518747, "incomeTaxExpense": 355000000, "totalOtherIncomeExpensesNet": 115000000, "grossProfit": 5502000000, "otherExpenses": 0.0, "incomeBeforeTax": 2420000000, "operatingExpenses": 3224000000, "generalAndAdministrativeExpenses": 3224000000, "netIncome": 2042000000, "symbol": "KO", "weightedAverageShsOut": 4276000000, "period": "FY", "link": "https://www.sec.gov/Archives/edgar/data/21344/000002134420000006/0000021344-20-000006-index.htm", "date": "2019-12-31", "netIncomeRatio": 0.225187472431, "grossProfitRatio": 0.6067490074988973, "interestExpense": 235000000, "eps": 0.48, "epsdiluted": 0.47, "depreciationAndAmortization": 400000000, "costOfRevenue": 3566000000, "operatingIncomeRatio": 0.238641376268, "operatingIncome": 2164000000}, {"finalLink": "https://www.sec.gov/Archives/edgar/data/21344/000002134419000042/a2019092710-q.htm", "sellingAndMarketingExpenses": 0.0, "revenue": 9507000000, "researchAndDevelopmentExpenses": 0.0, "acceptedDate": "2019-10-24 15:19:15", "fillingDate": "2019-10-24", "weightedAverageShsOutDil": 4311000000, "costAndExpenses": 6883000000, "ebitda": 2862000000, "ebitdaratio": 0.301041337962, "incomeBeforeTaxRatio": 0.325234038077, "incomeTaxExpense": 503000000, "totalOtherIncomeExpensesNet": 324000000, "grossProfit": 5740000000, "otherExpenses": 0.0, "incomeBeforeTax": 3092000000, "operatingExpenses": 3116000000, "generalAndAdministrativeExpenses": 3116000000, "netIncome": 2593000000, "symbol": "KO", "weightedAverageShsOut": 4273000000, "period": "Q3", "link": "https://www.sec.gov/Archives/edgar/data/21344/000002134419000042/0000021344-19-000042-index.htm", "date": "2019-09-27", "netIncomeRatio": 0.272746397391, "grossProfitRatio": 0.6037656463658357, "interestExpense": 230000000, "eps": 0.61, "epsdiluted": 0.6, "depreciationAndAmortization": 363000000, "costOfRevenue": 3767000000, "operatingIncomeRatio": 0.26285894604, "operatingIncome": 2499000000}, {"finalLink": "https://www.sec.gov/Archives/edgar/data/21344/000002134419000034/a2019062810-q.htm", "sellingAndMarketingExpenses": 0.0, "revenue": 10671000000, "researchAndDevelopmentExpenses": 0.0, "acceptedDate": "2019-07-25 16:09:30", "fillingDate": "2019-07-25", "weightedAverageShsOutDil": 4305000000, "costAndExpenses": 7492000000, "ebitda": 3414000000, "ebitdaratio": 0.319932527411, "incomeBeforeTaxRatio": 0.294442882579, "incomeTaxExpense": 457000000, "totalOtherIncomeExpensesNet": -171000000, "grossProfit": 6375000000, "otherExpenses": 0.0, "incomeBeforeTax": 3142000000, "operatingExpenses": 3196000000, "generalAndAdministrativeExpenses": 3196000000, "netIncome": 2607000000, "symbol": "KO", "weightedAverageShsOut": 4270000000, "period": "Q2", "link": "https://www.sec.gov/Archives/edgar/data/21344/000002134419000034/0000021344-19-000034-index.htm", "date": "2019-06-28", "netIncomeRatio": 0.244307000281, "grossProfitRatio": 0.5974135507450098, "interestExpense": 249000000, "eps": 0.61, "epsdiluted": 0.61, "depreciationAndAmortization": 327000000, "costOfRevenue": 4296000000, "operatingIncomeRatio": 0.289288726455, "operatingIncome": 3087000000}, {"finalLink": "https://www.sec.gov/Archives/edgar/data/21344/000002134419000028/a2019032910-q.htm", "sellingAndMarketingExpenses": 0.0, "revenue": 8020000000, "researchAndDevelopmentExpenses": 0.0, "acceptedDate": "2019-04-25 15:09:38", "fillingDate": "2019-04-25", "weightedAverageShsOutDil": 4306000000, "costAndExpenses": 5557000000, "ebitda": 2611000000, "ebitdaratio": 0.325561097257, "incomeBeforeTaxRatio": 0.265835411471, "incomeTaxExpense": 486000000, "totalOtherIncomeExpensesNet": -234000000, "grossProfit": 5030000000, "otherExpenses": 0.0, "incomeBeforeTax": 2132000000, "operatingExpenses": 2567000000, "generalAndAdministrativeExpenses": 2567000000, "netIncome": 1678000000, "symbol": "KO", "weightedAverageShsOut": 4271000000, "period": "Q1", "link": "https://www.sec.gov/Archives/edgar/data/21344/000002134419000028/0000021344-19-000028-index.htm", "date": "2019-03-29", "netIncomeRatio": 0.209226932668, "grossProfitRatio": 0.6271820448877805, "interestExpense": 232000000, "eps": 0.39, "epsdiluted": 0.39, "depreciationAndAmortization": 275000000, "costOfRevenue": 2990000000, "operatingIncomeRatio": 0.291271820449, "operatingIncome": 2336000000}, {"finalLink": "https://www.sec.gov/Archives/edgar/data/21344/000002134419000014/a2018123110-k.htm", "sellingAndMarketingExpenses": 0.0, "revenue": 7058000000, "researchAndDevelopmentExpenses": 0.0, "acceptedDate": "2019-02-21 16:55:42", "fillingDate": "2019-02-21", "weightedAverageShsOutDil": 4299000000, "costAndExpenses": 5259000000, "ebitda": 1915000000, "ebitdaratio": 0.271323321054, "incomeBeforeTaxRatio": 0.111504675545, "incomeTaxExpense": -5000000.0, "totalOtherIncomeExpensesNet": 143000000, "grossProfit": 4337000000, "otherExpenses": 0.0, "incomeBeforeTax": 787000000, "operatingExpenses": 2538000000, "generalAndAdministrativeExpenses": 2538000000, "netIncome": 870000000, "symbol": "KO", "weightedAverageShsOut": 4259000000, "period": "FY", "link": "https://www.sec.gov/Archives/edgar/data/21344/000002134419000014/0000021344-19-000014-index.htm", "date": "2018-12-31", "netIncomeRatio": 0.123264380844, "grossProfitRatio": 0.6144800226693115, "interestExpense": 242000000, "eps": 0.2, "epsdiluted": 0.21, "depreciationAndAmortization": 279000000, "costOfRevenue": 2721000000, "operatingIncomeRatio": 0.231793709266, "operatingIncome": 1636000000}, {"finalLink": "https://www.sec.gov/Archives/edgar/data/21344/000002134418000042/a2018092810-q.htm", "sellingAndMarketingExpenses": 0.0, "revenue": 8245000000, "researchAndDevelopmentExpenses": 0.0, "acceptedDate": "2018-10-30 13:25:29", "fillingDate": "2018-10-30", "weightedAverageShsOutDil": 4297000000, "costAndExpenses": 5564000000, "ebitda": 2780000000, "ebitdaratio": 0.337174044876, "incomeBeforeTaxRatio": 0.345300181928, "incomeTaxExpense": 528000000, "totalOtherIncomeExpensesNet": 9000000.0, "grossProfit": 5186000000, "otherExpenses": 0.0, "incomeBeforeTax": 2847000000, "operatingExpenses": 2505000000, "generalAndAdministrativeExpenses": 2505000000, "netIncome": 1880000000, "symbol": "KO", "weightedAverageShsOut": 4258000000, "period": "Q3", "link": "https://www.sec.gov/Archives/edgar/data/21344/000002134418000042/0000021344-18-000042-index.htm", "date": "2018-09-28", "netIncomeRatio": 0.228016979988, "grossProfitRatio": 0.6289872650090964, "interestExpense": 206000000, "eps": 0.45, "epsdiluted": 0.43, "depreciationAndAmortization": 254000000, "costOfRevenue": 3059000000, "operatingIncomeRatio": 0.306367495452, "operatingIncome": 2526000000}, {"finalLink": "https://www.sec.gov/Archives/edgar/data/21344/000002134418000032/a2018062910-q.htm", "sellingAndMarketingExpenses": 0.0, "revenue": 8927000000, "researchAndDevelopmentExpenses": 0.0, "acceptedDate": "2018-07-26 14:40:09", "fillingDate": "2018-07-26", "weightedAverageShsOutDil": 4298000000, "costAndExpenses": 5975000000, "ebitda": 3010000000, "ebitdaratio": 0.337179343564, "incomeBeforeTaxRatio": 0.3229528397, "incomeTaxExpense": 594000000, "totalOtherIncomeExpensesNet": -97000000, "grossProfit": 5675000000, "otherExpenses": 0.0, "incomeBeforeTax": 2883000000, "operatingExpenses": 2723000000, "generalAndAdministrativeExpenses": 2723000000, "netIncome": 2316000000, "symbol": "KO", "weightedAverageShsOut": 4260000000, "period": "Q2", "link": "https://www.sec.gov/Archives/edgar/data/21344/000002134418000032/0000021344-18-000032-index.htm", "date": "2018-06-29", "netIncomeRatio": 0.259437661028, "grossProfitRatio": 0.6357118852918113, "interestExpense": 241000000, "eps": 0.54, "epsdiluted": 0.54, "depreciationAndAmortization": 283000000, "costOfRevenue": 3252000000, "operatingIncomeRatio": 0.305477764086, "operatingIncome": 2727000000}, {"finalLink": "https://www.sec.gov/Archives/edgar/data/21344/000002134418000023/a2018033010-q.htm", "sellingAndMarketingExpenses": 0.0, "revenue": 7626000000, "researchAndDevelopmentExpenses": 0.0, "acceptedDate": "2018-05-01 15:30:40", "fillingDate": "2018-05-01", "weightedAverageShsOutDil": 4306000000, "costAndExpenses": 5279000000, "ebitda": 2081000000, "ebitdaratio": 0.272882244951, "incomeBeforeTaxRatio": 0.240361919748, "incomeTaxExpense": 506000000, "totalOtherIncomeExpensesNet": -55000000, "grossProfit": 4888000000, "otherExpenses": 0.0, "incomeBeforeTax": 1833000000, "operatingExpenses": 2541000000, "generalAndAdministrativeExpenses": 2541000000, "netIncome": 1368000000, "symbol": "KO", "weightedAverageShsOut": 4265000000, "period": "Q1", "link": "https://www.sec.gov/Archives/edgar/data/21344/000002134418000023/0000021344-18-000023-index.htm", "date": "2018-03-30", "netIncomeRatio": 0.179386309992, "grossProfitRatio": 0.6409651193286127, "interestExpense": 230000000, "eps": 0.32, "epsdiluted": 0.32, "depreciationAndAmortization": 270000000, "costOfRevenue": 2738000000, "operatingIncomeRatio": 0.23747705219, "operatingIncome": 1811000000}, {"finalLink": "https://www.sec.gov/Archives/edgar/data/21344/000002134418000008/a2017123110-k.htm", "sellingAndMarketingExpenses": 0.0, "revenue": 7512000000, "researchAndDevelopmentExpenses": 0.0, "acceptedDate": "2018-02-23 11:20:20", "fillingDate": "2018-02-23", "weightedAverageShsOutDil": 4324000000, "costAndExpenses": 5525000000, "ebitda": 1655000000, "ebitdaratio": 0.220314164004, "incomeBeforeTaxRatio": 0.124733759318, "incomeTaxExpense": 3755000000, "totalOtherIncomeExpensesNet": -544000000, "grossProfit": 4823000000, "otherExpenses": 0.0, "incomeBeforeTax": 937000000, "operatingExpenses": 2836000000, "generalAndAdministrativeExpenses": 2836000000, "netIncome": 937000000, "symbol": "KO", "weightedAverageShsOut": 4272000000, "period": "FY", "link": "https://www.sec.gov/Archives/edgar/data/21344/000002134418000008/0000021344-18-000008-index.htm", "date": "2017-12-31", "netIncomeRatio": 0.12473375931842386, "grossProfitRatio": 0.6420394036208733, "interestExpense": 210000000, "eps": -0.65, "epsdiluted": -0.63, "depreciationAndAmortization": 334000000, "costOfRevenue": 2689000000, "operatingIncomeRatio": 0.175851970181, "operatingIncome": 1321000000}, {"finalLink": "https://www.sec.gov/Archives/edgar/data/21344/000002134417000032/a2017092910-q.htm", "sellingAndMarketingExpenses": 0.0, "revenue": 9078000000, "researchAndDevelopmentExpenses": 0.0, "acceptedDate": "2017-10-26 15:51:08", "fillingDate": "2017-10-26", "weightedAverageShsOutDil": 4327000000, "costAndExpenses": 6598000000, "ebitda": 2417000000, "ebitdaratio": 0.266248072263, "incomeBeforeTaxRatio": 0.184401850628, "incomeTaxExpense": 230000000, "totalOtherIncomeExpensesNet": -771000000, "grossProfit": 5683000000, "otherExpenses": 0.0, "incomeBeforeTax": 1674000000, "operatingExpenses": 3203000000, "generalAndAdministrativeExpenses": 3203000000, "netIncome": 1447000000, "symbol": "KO", "weightedAverageShsOut": 4275000000, "period": "Q3", "link": "https://www.sec.gov/Archives/edgar/data/21344/000002134417000032/0000021344-17-000032-index.htm", "date": "2017-09-29", "netIncomeRatio": 0.159396342807, "grossProfitRatio": 0.6260189469046046, "interestExpense": 208000000, "eps": 0.34, "epsdiluted": 0.33, "depreciationAndAmortization": 297000000, "costOfRevenue": 3395000000, "operatingIncomeRatio": 0.233531614893, "operatingIncome": 2120000000}, {"finalLink": "https://www.sec.gov/Archives/edgar/data/21344/000002134417000026/a2017063010-q.htm", "sellingAndMarketingExpenses": 0.0, "revenue": 9702000000, "researchAndDevelopmentExpenses": 0.0, "acceptedDate": "2017-07-27 15:22:31", "fillingDate": "2017-07-27", "weightedAverageShsOutDil": 4330000000, "costAndExpenses": 6801000000, "ebitda": 2379000000, "ebitdaratio": 0.245207173779, "incomeBeforeTaxRatio": 0.270459699031, "incomeTaxExpense": 1252000000, "totalOtherIncomeExpensesNet": 203000000, "grossProfit": 6043000000, "otherExpenses": 0.0, "incomeBeforeTax": 2624000000, "operatingExpenses": 3142000000, "generalAndAdministrativeExpenses": 3142000000, "netIncome": 1371000000, "symbol": "KO", "weightedAverageShsOut": 4280000000, "period": "Q2", "link": "https://www.sec.gov/Archives/edgar/data/21344/000002134417000026/0000021344-17-000026-index.htm", "date": "2017-06-30", "netIncomeRatio": 0.141311069882, "grossProfitRatio": 0.6228612657184086, "interestExpense": 231000000, "eps": 0.32, "epsdiluted": 0.32, "depreciationAndAmortization": 301000000, "costOfRevenue": 3659000000, "operatingIncomeRatio": 0.214182642754, "operatingIncome": 2078000000}, {"finalLink": "https://www.sec.gov/Archives/edgar/data/21344/000002134417000019/a2017033110-q.htm", "sellingAndMarketingExpenses": 0.0, "revenue": 9118000000, "researchAndDevelopmentExpenses": 0.0, "acceptedDate": "2017-04-27 16:24:07", "fillingDate": "2017-04-27", "weightedAverageShsOutDil": 4334000000, "costAndExpenses": 6828000000, "ebitda": 2310000000, "ebitdaratio": 0.253345031805, "incomeBeforeTaxRatio": 0.16527747313, "incomeTaxExpense": 323000000, "totalOtherIncomeExpensesNet": -554000000, "grossProfit": 5605000000, "otherExpenses": 0.0, "incomeBeforeTax": 1507000000, "operatingExpenses": 3315000000, "generalAndAdministrativeExpenses": 3315000000, "netIncome": 1182000000, "symbol": "KO", "weightedAverageShsOut": 4287000000, "period": "Q1", "link": "https://www.sec.gov/Archives/edgar/data/21344/000002134417000019/0000021344-17-000019-index.htm", "date": "2017-03-31", "netIncomeRatio": 0.129633691599, "grossProfitRatio": 0.61471813994297, "interestExpense": 192000000, "eps": 0.28, "epsdiluted": 0.27, "depreciationAndAmortization": 328000000, "costOfRevenue": 3513000000, "operatingIncomeRatio": 0.217372230752, "operatingIncome": 1982000000}, {"finalLink": "https://www.sec.gov/Archives/edgar/data/21344/000002134417000009/a2016123110-k.htm", "sellingAndMarketingExpenses": 0.0, "revenue": 9409000000, "researchAndDevelopmentExpenses": 0.0, "acceptedDate": "2017-02-24 11:34:47", "fillingDate": "2017-02-24", "weightedAverageShsOutDil": 4367000000, "costAndExpenses": 7374000000, "ebitda": 1819000000, "ebitdaratio": 0.193325539377, "incomeBeforeTaxRatio": 0.0547348283558, "incomeTaxExpense": -32000000, "totalOtherIncomeExpensesNet": -919000000, "grossProfit": 5615000000, "otherExpenses": 0.0, "incomeBeforeTax": 515000000, "operatingExpenses": 3580000000, "generalAndAdministrativeExpenses": 3580000000, "netIncome": 550000000, "symbol": "KO", "weightedAverageShsOut": 4317000000, "period": "FY", "link": "https://www.sec.gov/Archives/edgar/data/21344/000002134417000009/0000021344-17-000009-index.htm", "date": "2016-12-31", "netIncomeRatio": 0.0584546710596, "grossProfitRatio": 0.5967690509087045, "interestExpense": 248000000, "eps": 0.13, "epsdiluted": 0.12, "depreciationAndAmortization": 464000000, "costOfRevenue": 3794000000, "operatingIncomeRatio": 0.144011053247, "operatingIncome": 1355000000}, {"finalLink": "https://www.sec.gov/Archives/edgar/data/21344/000002134416000076/a2016093010-q.htm", "sellingAndMarketingExpenses": 0.0, "revenue": 10633000000, "researchAndDevelopmentExpenses": 0.0, "acceptedDate": "2016-10-27 13:19:54", "fillingDate": "2016-10-27", "weightedAverageShsOutDil": 4374000000, "costAndExpenses": 8140000000, "ebitda": 2691000000, "ebitdaratio": 0.253080033857, "incomeBeforeTaxRatio": 0.134298880843, "incomeTaxExpense": 378000000, "totalOtherIncomeExpensesNet": -1106000000, "grossProfit": 6502000000, "otherExpenses": 0.0, "incomeBeforeTax": 1428000000, "operatingExpenses": 4009000000, "generalAndAdministrativeExpenses": 4009000000, "netIncome": 1046000000, "symbol": "KO", "weightedAverageShsOut": 4322000000, "period": "Q3", "link": "https://www.sec.gov/Archives/edgar/data/21344/000002134416000076/0000021344-16-000076-index.htm", "date": "2016-09-30", "netIncomeRatio": 0.0983729897489, "grossProfitRatio": 0.6114925232765918, "interestExpense": 182000000, "eps": 0.24, "epsdiluted": 0.24, "depreciationAndAmortization": 420000000, "costOfRevenue": 4131000000, "operatingIncomeRatio": 0.213580363021, "operatingIncome": 2271000000}, {"finalLink": "https://www.sec.gov/Archives/edgar/data/21344/000002134416000065/a2016070110-q.htm", "sellingAndMarketingExpenses": 0.0, "revenue": 11539000000, "researchAndDevelopmentExpenses": 0.0, "acceptedDate": "2016-07-28 14:00:16", "fillingDate": "2016-07-28", "weightedAverageShsOutDil": 4379000000, "costAndExpenses": 8383000000, "ebitda": 3304000000, "ebitdaratio": 0.286333304446, "incomeBeforeTaxRatio": 0.372562613745, "incomeTaxExpense": 839000000, "totalOtherIncomeExpensesNet": 1133000000, "grossProfit": 7068000000, "otherExpenses": 0.0, "incomeBeforeTax": 4299000000, "operatingExpenses": 3912000000, "generalAndAdministrativeExpenses": 3912000000, "netIncome": 3448000000, "symbol": "KO", "weightedAverageShsOut": 4325000000, "period": "Q2", "link": "https://www.sec.gov/Archives/edgar/data/21344/000002134416000065/0000021344-16-000065-index.htm", "date": "2016-07-01", "netIncomeRatio": 0.298812722073, "grossProfitRatio": 0.6125314152006239, "interestExpense": 162000000, "eps": 0.8, "epsdiluted": 0.79, "depreciationAndAmortization": 445000000, "costOfRevenue": 4471000000, "operatingIncomeRatio": 0.247768437473, "operatingIncome": 2859000000}, {"finalLink": "https://www.sec.gov/Archives/edgar/data/21344/000002134416000059/a2016040110-q.htm", "sellingAndMarketingExpenses": 0.0, "revenue": 10282000000, "researchAndDevelopmentExpenses": 0.0, "acceptedDate": "2016-04-28 14:06:42", "fillingDate": "2016-04-28", "weightedAverageShsOutDil": 4382000000, "costAndExpenses": 7830000000, "ebitda": 2599000000, "ebitdaratio": 0.252771834273, "incomeBeforeTaxRatio": 0.184205407508, "incomeTaxExpense": 401000000, "totalOtherIncomeExpensesNet": -342000000, "grossProfit": 6213000000, "otherExpenses": 0.0, "incomeBeforeTax": 1894000000, "operatingExpenses": 3761000000, "generalAndAdministrativeExpenses": 3761000000, "netIncome": 1483000000, "symbol": "KO", "weightedAverageShsOut": 4328000000, "period": "Q1", "link": "https://www.sec.gov/Archives/edgar/data/21344/000002134416000059/0000021344-16-000059-index.htm", "date": "2016-04-01", "netIncomeRatio": 0.144232639564, "grossProfitRatio": 0.6042598716203074, "interestExpense": 141000000, "eps": 0.34, "epsdiluted": 0.34, "depreciationAndAmortization": 458000000, "costOfRevenue": 4069000000, "operatingIncomeRatio": 0.208227971212, "operatingIncome": 2141000000}, {"finalLink": "https://www.sec.gov/Archives/edgar/data/21344/000002134416000050/a2015123110-k.htm", "sellingAndMarketingExpenses": 0.0, "revenue": 10000000000, "researchAndDevelopmentExpenses": 0.0, "acceptedDate": "2016-02-25 14:48:38", "fillingDate": "2016-02-25", "weightedAverageShsOutDil": 4405000000, "costAndExpenses": 7991000000, "ebitda": 2045000000, "ebitdaratio": 0.2045, "incomeBeforeTaxRatio": 0.1538, "incomeTaxExpense": 302000000, "totalOtherIncomeExpensesNet": -78000000, "grossProfit": 5946000000, "otherExpenses": 0.0, "incomeBeforeTax": 1538000000, "operatingExpenses": 3937000000, "generalAndAdministrativeExpenses": 3937000000, "netIncome": 1237000000, "symbol": "KO", "weightedAverageShsOut": 4352000000, "period": "FY", "link": "https://www.sec.gov/Archives/edgar/data/21344/000002134416000050/0000021344-16-000050-index.htm", "date": "2015-12-31", "netIncomeRatio": 0.1237, "grossProfitRatio": 0.5946, "interestExpense": 143000000, "eps": 0.29, "epsdiluted": 0.28, "depreciationAndAmortization": 527000000, "costOfRevenue": 4054000000, "operatingIncomeRatio": 0.1518, "operatingIncome": 1518000000}, {"finalLink": "https://www.sec.gov/Archives/edgar/data/21344/000002134415000041/a2015100210-q.htm", "sellingAndMarketingExpenses": 0.0, "revenue": 11427000000, "researchAndDevelopmentExpenses": 0.0, "acceptedDate": "2015-10-28 12:44:23", "fillingDate": "2015-10-28", "weightedAverageShsOutDil": 4410000000, "costAndExpenses": 8784000000, "ebitda": 2861000000, "ebitdaratio": 0.25037192614, "incomeBeforeTaxRatio": 0.15095825676, "incomeTaxExpense": 272000000, "totalOtherIncomeExpensesNet": -871000000, "grossProfit": 6850000000, "otherExpenses": 0.0, "incomeBeforeTax": 1725000000, "operatingExpenses": 4207000000, "generalAndAdministrativeExpenses": 4207000000, "netIncome": 1449000000, "symbol": "KO", "weightedAverageShsOut": 4357000000, "period": "Q3", "link": "https://www.sec.gov/Archives/edgar/data/21344/000002134415000041/0000021344-15-000041-index.htm", "date": "2015-10-02", "netIncomeRatio": 0.126804935679, "grossProfitRatio": 0.5994574253959919, "interestExpense": 138000000, "eps": 0.33, "epsdiluted": 0.33, "depreciationAndAmortization": 482000000, "costOfRevenue": 4577000000, "operatingIncomeRatio": 0.20819112628, "operatingIncome": 2379000000}, {"finalLink": "https://www.sec.gov/Archives/edgar/data/21344/000002134415000031/a2015070310-q.htm", "sellingAndMarketingExpenses": 0.0, "revenue": 12156000000, "researchAndDevelopmentExpenses": 0.0, "acceptedDate": "2015-07-29 14:59:07", "fillingDate": "2015-07-29", "weightedAverageShsOutDil": 4415000000, "costAndExpenses": 8952000000, "ebitda": 3023000000, "ebitdaratio": 0.248683777558, "incomeBeforeTaxRatio": 0.358752879237, "incomeTaxExpense": 1250000000, "totalOtherIncomeExpensesNet": 1605000000, "grossProfit": 7408000000, "otherExpenses": 0.0, "incomeBeforeTax": 4361000000, "operatingExpenses": 4204000000, "generalAndAdministrativeExpenses": 4204000000, "netIncome": 3108000000, "symbol": "KO", "weightedAverageShsOut": 4360000000, "period": "Q2", "link": "https://www.sec.gov/Archives/edgar/data/21344/000002134415000031/0000021344-15-000031-index.htm", "date": "2015-07-03", "netIncomeRatio": 0.255676209279, "grossProfitRatio": 0.6094109904573873, "interestExpense": 128000000, "eps": 0.71, "epsdiluted": 0.71, "depreciationAndAmortization": 488000000, "costOfRevenue": 4748000000, "operatingIncomeRatio": 0.20853899309, "operatingIncome": 2535000000}, {"finalLink": "https://www.sec.gov/Archives/edgar/data/21344/000002134415000011/a2015040310-q.htm", "sellingAndMarketingExpenses": 0.0, "revenue": 10711000000, "researchAndDevelopmentExpenses": 0.0, "acceptedDate": "2015-04-30 15:10:02", "fillingDate": "2015-04-30", "weightedAverageShsOutDil": 4422000000, "costAndExpenses": 8182000000, "ebitda": 2769000000, "ebitdaratio": 0.258519279246, "incomeBeforeTaxRatio": 0.184950051349, "incomeTaxExpense": 415000000, "totalOtherIncomeExpensesNet": -25000000, "grossProfit": 6608000000, "otherExpenses": 0.0, "incomeBeforeTax": 1981000000, "operatingExpenses": 4079000000, "generalAndAdministrativeExpenses": 4079000000, "netIncome": 1557000000, "symbol": "KO", "weightedAverageShsOut": 4365000000, "period": "Q1", "link": "https://www.sec.gov/Archives/edgar/data/21344/000002134415000011/0000021344-15-000011-index.htm", "date": "2015-04-03", "netIncomeRatio": 0.145364578471, "grossProfitRatio": 0.6169358603305014, "interestExpense": 447000000, "eps": 0.36, "epsdiluted": 0.35, "depreciationAndAmortization": 473000000, "costOfRevenue": 4103000000, "operatingIncomeRatio": 0.214359070115, "operatingIncome": 2296000000}, {"finalLink": "https://www.sec.gov/Archives/edgar/data/21344/000002134415000005/a2014123110-k.htm", "sellingAndMarketingExpenses": 0.0, "revenue": 10872000000, "researchAndDevelopmentExpenses": 0.0, "acceptedDate": "2015-02-25 15:11:06", "fillingDate": "2015-02-25", "weightedAverageShsOutDil": 4450000000, "costAndExpenses": 8695000000, "ebitda": 1950000000, "ebitdaratio": 0.1793598234, "incomeBeforeTaxRatio": 0.0989698307579, "incomeTaxExpense": 305000000, "totalOtherIncomeExpensesNet": -633000000, "grossProfit": 6515000000, "otherExpenses": 0.0, "incomeBeforeTax": 1076000000, "operatingExpenses": 4338000000, "generalAndAdministrativeExpenses": 4338000000, "netIncome": 770000000, "symbol": "KO", "weightedAverageShsOut": 4387000000, "period": "FY", "link": "https://www.sec.gov/Archives/edgar/data/21344/000002134415000005/0000021344-15-000005-index.htm", "date": "2014-12-31", "netIncomeRatio": 0.0708241353937, "grossProfitRatio": 0.5992457689477557, "interestExpense": 139000000, "eps": 0.18, "epsdiluted": 0.18, "depreciationAndAmortization": 499000000, "costOfRevenue": 4357000000, "operatingIncomeRatio": 0.133462104489, "operatingIncome": 1451000000}, {"finalLink": "https://www.sec.gov/Archives/edgar/data/21344/000002134414000036/a2014092610-q.htm", "sellingAndMarketingExpenses": 0.0, "revenue": 11976000000, "researchAndDevelopmentExpenses": 0.0, "acceptedDate": "2014-10-29 14:07:49", "fillingDate": "2014-10-29", "weightedAverageShsOutDil": 4454000000, "costAndExpenses": 9137000000, "ebitda": 3221000000, "ebitdaratio": 0.268954575818, "incomeBeforeTaxRatio": 0.222110888444, "incomeTaxExpense": 538000000, "totalOtherIncomeExpensesNet": -312000000, "grossProfit": 7346000000, "otherExpenses": 0.0, "incomeBeforeTax": 2660000000, "operatingExpenses": 4507000000, "generalAndAdministrativeExpenses": 4507000000, "netIncome": 2114000000, "symbol": "KO", "weightedAverageShsOut": 4392000000, "period": "Q3", "link": "https://www.sec.gov/Archives/edgar/data/21344/000002134414000036/0000021344-14-000036-index.htm", "date": "2014-09-26", "netIncomeRatio": 0.176519706079, "grossProfitRatio": 0.6133934535738143, "interestExpense": 113000000, "eps": 0.48, "epsdiluted": 0.47, "depreciationAndAmortization": 510000000, "costOfRevenue": 4630000000, "operatingIncomeRatio": 0.226369405478, "operatingIncome": 2711000000}, {"finalLink": "https://www.sec.gov/Archives/edgar/data/21344/000002134414000029/a2014062710-q.htm", "sellingAndMarketingExpenses": 0.0, "revenue": 12574000000, "researchAndDevelopmentExpenses": 0.0, "acceptedDate": "2014-07-30 15:44:58", "fillingDate": "2014-07-30", "weightedAverageShsOutDil": 4459000000, "costAndExpenses": 9203000000, "ebitda": 3664000000, "ebitdaratio": 0.291394941944, "incomeBeforeTaxRatio": 0.269126769524, "incomeTaxExpense": 779000000, "totalOtherIncomeExpensesNet": -77000000, "grossProfit": 7755000000, "otherExpenses": 0.0, "incomeBeforeTax": 3384000000, "operatingExpenses": 4384000000, "generalAndAdministrativeExpenses": 4384000000, "netIncome": 2595000000, "symbol": "KO", "weightedAverageShsOut": 4396000000, "period": "Q2", "link": "https://www.sec.gov/Archives/edgar/data/21344/000002134414000029/0000021344-14-000029-index.htm", "date": "2014-06-27", "netIncomeRatio": 0.206378240814, "grossProfitRatio": 0.6167488468267854, "interestExpense": 107000000, "eps": 0.59, "epsdiluted": 0.59, "depreciationAndAmortization": 494000000, "costOfRevenue": 4819000000, "operatingIncomeRatio": 0.252107523461, "operatingIncome": 3170000000}, {"finalLink": "https://www.sec.gov/Archives/edgar/data/21344/000002134414000016/a2014032810-q.htm", "sellingAndMarketingExpenses": 0.0, "revenue": 10576000000, "researchAndDevelopmentExpenses": 0.0, "acceptedDate": "2014-04-24 14:23:46", "fillingDate": "2014-04-24", "weightedAverageShsOutDil": 4464000000, "costAndExpenses": 8072000000, "ebitda": 2849000000, "ebitdaratio": 0.269383509834, "incomeBeforeTaxRatio": 0.208490922844, "incomeTaxExpense": 579000000, "totalOtherIncomeExpensesNet": -241000000, "grossProfit": 6493000000, "otherExpenses": 0.0, "incomeBeforeTax": 2205000000, "operatingExpenses": 3989000000, "generalAndAdministrativeExpenses": 3989000000, "netIncome": 1619000000, "symbol": "KO", "weightedAverageShsOut": 4401000000, "period": "Q1", "link": "https://www.sec.gov/Archives/edgar/data/21344/000002134414000016/0000021344-14-000016-index.htm", "date": "2014-03-28", "netIncomeRatio": 0.153082450832, "grossProfitRatio": 0.6139372163388804, "interestExpense": 124000000, "eps": 0.37, "epsdiluted": 0.36, "depreciationAndAmortization": 473000000, "costOfRevenue": 4083000000, "operatingIncomeRatio": 0.224659606657, "operatingIncome": 2376000000}, {"finalLink": "https://www.sec.gov/Archives/edgar/data/21344/000002134414000008/a2013123110-k.htm", "sellingAndMarketingExpenses": 0.0, "revenue": 11040000000, "researchAndDevelopmentExpenses": 0.0, "acceptedDate": "2014-02-27 13:24:23", "fillingDate": "2014-02-27", "weightedAverageShsOutDil": 4509000000, "costAndExpenses": 8634000000, "ebitda": 2638000000, "ebitdaratio": 0.238949275362, "incomeBeforeTaxRatio": 0.201811594203, "incomeTaxExpense": 520000000, "totalOtherIncomeExpensesNet": 54000000, "grossProfit": 6725000000, "otherExpenses": 0.0, "incomeBeforeTax": 2228000000, "operatingExpenses": 4319000000, "generalAndAdministrativeExpenses": 4319000000, "netIncome": 1710000000, "symbol": "KO", "weightedAverageShsOut": 4434000000, "period": "FY", "link": "https://www.sec.gov/Archives/edgar/data/21344/000002134414000008/0000021344-14-000008-index.htm", "date": "2013-12-31", "netIncomeRatio": 0.154891304348, "grossProfitRatio": 0.6091485507246377, "interestExpense": 149000000, "eps": 0.39, "epsdiluted": 0.38, "depreciationAndAmortization": 533000000, "costOfRevenue": 4315000000, "operatingIncomeRatio": 0.190670289855, "operatingIncome": 2105000000}, {"finalLink": "https://www.sec.gov/Archives/edgar/data/21344/000002134413000050/a2013092710q.htm", "sellingAndMarketingExpenses": 0.0, "revenue": 12030000000, "researchAndDevelopmentExpenses": 0.0, "acceptedDate": "2013-10-24 12:10:47", "fillingDate": "2013-10-24", "weightedAverageShsOutDil": 4518000000, "costAndExpenses": 9217000000, "ebitda": 2969000000, "ebitdaratio": 0.246799667498, "incomeBeforeTaxRatio": 0.280964256027, "incomeTaxExpense": 925000000, "totalOtherIncomeExpensesNet": 658000000, "grossProfit": 7237000000, "otherExpenses": 0.0, "incomeBeforeTax": 3380000000, "operatingExpenses": 4424000000, "generalAndAdministrativeExpenses": 4424000000, "netIncome": 2447000000, "symbol": "KO", "weightedAverageShsOut": 4442000000, "period": "Q3", "link": "https://www.sec.gov/Archives/edgar/data/21344/000002134413000050/0000021344-13-000050-index.htm", "date": "2013-09-27", "netIncomeRatio": 0.203408146301, "grossProfitRatio": 0.6015793848711555, "interestExpense": 90000000, "eps": 0.56, "epsdiluted": 0.54, "depreciationAndAmortization": 497000000, "costOfRevenue": 4793000000, "operatingIncomeRatio": 0.205486284289, "operatingIncome": 2472000000}, {"finalLink": "https://www.sec.gov/Archives/edgar/data/21344/000002134413000039/a2013062810q.htm", "sellingAndMarketingExpenses": 0.0, "revenue": 12749000000, "researchAndDevelopmentExpenses": 0.0, "acceptedDate": "2013-07-25 12:31:33", "fillingDate": "2013-07-25", "weightedAverageShsOutDil": 4528000000, "costAndExpenses": 9374000000, "ebitda": 3717000000, "ebitdaratio": 0.29155227861, "incomeBeforeTaxRatio": 0.276492273904, "incomeTaxExpense": 831000000, "totalOtherIncomeExpensesNet": 29000000, "grossProfit": 7760000000, "otherExpenses": 0.0, "incomeBeforeTax": 3525000000, "operatingExpenses": 4385000000, "generalAndAdministrativeExpenses": 4385000000, "netIncome": 2676000000, "symbol": "KO", "weightedAverageShsOut": 4450000000, "period": "Q2", "link": "https://www.sec.gov/Archives/edgar/data/21344/000002134413000039/0000021344-13-000039-index.htm", "date": "2013-06-28", "netIncomeRatio": 0.209898815593, "grossProfitRatio": 0.6086751902109969, "interestExpense": 122000000, "eps": 0.6, "epsdiluted": 0.59, "depreciationAndAmortization": 474000000, "costOfRevenue": 4989000000, "operatingIncomeRatio": 0.254372891992, "operatingIncome": 3243000000}, {"finalLink": "https://www.sec.gov/Archives/edgar/data/21344/000002134413000017/a2013032910q.htm", "sellingAndMarketingExpenses": 0.0, "revenue": 11035000000, "researchAndDevelopmentExpenses": 0.0, "acceptedDate": "2013-04-25 11:57:25", "fillingDate": "2013-04-25", "weightedAverageShsOutDil": 4530000000, "costAndExpenses": 8506000000, "ebitda": 2881000000, "ebitdaratio": 0.261078386951, "incomeBeforeTaxRatio": 0.212415043045, "incomeTaxExpense": 575000000, "totalOtherIncomeExpensesNet": -165000000, "grossProfit": 6711000000, "otherExpenses": 0.0, "incomeBeforeTax": 2344000000, "operatingExpenses": 4182000000, "generalAndAdministrativeExpenses": 4182000000, "netIncome": 1751000000, "symbol": "KO", "weightedAverageShsOut": 4455000000, "period": "Q1", "link": "https://www.sec.gov/Archives/edgar/data/21344/000002134413000017/0000021344-13-000017-index.htm", "date": "2013-03-29", "netIncomeRatio": 0.158676937019, "grossProfitRatio": 0.6081558676937019, "interestExpense": 102000000, "eps": 0.39, "epsdiluted": 0.39, "depreciationAndAmortization": 473000000, "costOfRevenue": 4324000000, "operatingIncomeRatio": 0.218214771183, "operatingIncome": 2408000000}, {"finalLink": "https://www.sec.gov/Archives/edgar/data/21344/000002134413000007/a2012123110-k.htm", "sellingAndMarketingExpenses": 0.0, "revenue": 11455000000, "researchAndDevelopmentExpenses": 0.0, "acceptedDate": "2013-02-27 12:22:03", "fillingDate": "2013-02-27", "weightedAverageShsOutDil": 4584000000, "costAndExpenses": 9058000000, "ebitda": 2696000000, "ebitdaratio": 0.235355739852, "incomeBeforeTaxRatio": 0.207507638586, "incomeTaxExpense": 487000000, "totalOtherIncomeExpensesNet": -19000000, "grossProfit": 6827000000, "otherExpenses": 0.0, "incomeBeforeTax": 2377000000, "operatingExpenses": 4430000000, "generalAndAdministrativeExpenses": 4430000000, "netIncome": 1866000000, "symbol": "KO", "weightedAverageShsOut": 4504000000, "period": "FY", "link": "https://www.sec.gov/Archives/edgar/data/21344/000002134413000007/0000021344-13-000007-index.htm", "date": "2012-12-31", "netIncomeRatio": 0.162898297687, "grossProfitRatio": 0.5959842863378437, "interestExpense": 95000000, "eps": 0.42, "epsdiluted": 0.41, "depreciationAndAmortization": 513000000, "costOfRevenue": 4628000000, "operatingIncomeRatio": 0.190571802706, "operatingIncome": 2183000000}, {"finalLink": "https://www.sec.gov/Archives/edgar/data/21344/000002134412000051/a2012092810q.htm", "sellingAndMarketingExpenses": 0.0, "revenue": 12340000000, "researchAndDevelopmentExpenses": 0.0, "acceptedDate": "2012-10-25 14:33:15", "fillingDate": "2012-10-25", "weightedAverageShsOutDil": 4593000000, "costAndExpenses": 9483000000, "ebitda": 3307000000, "ebitdaratio": 0.267990275527, "incomeBeforeTaxRatio": 0.249918962723, "incomeTaxExpense": 755000000, "totalOtherIncomeExpensesNet": 23000000, "grossProfit": 7487000000, "otherExpenses": 0.0, "incomeBeforeTax": 3084000000, "operatingExpenses": 4630000000, "generalAndAdministrativeExpenses": 4630000000, "netIncome": 2311000000, "symbol": "KO", "weightedAverageShsOut": 4513000000, "period": "Q3", "link": "https://www.sec.gov/Archives/edgar/data/21344/000002134412000051/0000021344-12-000051-index.htm", "date": "2012-09-28", "netIncomeRatio": 0.187277147488, "grossProfitRatio": 0.6067260940032415, "interestExpense": 102000000, "eps": -0.56, "epsdiluted": -0.55, "depreciationAndAmortization": 514000000, "costOfRevenue": 4853000000, "operatingIncomeRatio": 0.226337115073, "operatingIncome": 2793000000}, {"finalLink": "https://www.sec.gov/Archives/edgar/data/21344/000002134412000037/a2012062910q.htm", "sellingAndMarketingExpenses": 0.0, "revenue": 13085000000, "researchAndDevelopmentExpenses": 0.0, "acceptedDate": "2012-07-26 11:25:42", "fillingDate": "2012-07-26", "weightedAverageShsOutDil": 2298000000, "costAndExpenses": 9721000000, "ebitda": 3802000000, "ebitdaratio": 0.290561711884, "incomeBeforeTaxRatio": 0.276881925869, "incomeTaxExpense": 823000000, "totalOtherIncomeExpensesNet": 84000000, "grossProfit": 7861000000, "otherExpenses": 0.0, "incomeBeforeTax": 3623000000, "operatingExpenses": 4497000000, "generalAndAdministrativeExpenses": 4497000000, "netIncome": 2788000000, "symbol": "KO", "weightedAverageShsOut": 2259000000, "period": "Q2", "link": "https://www.sec.gov/Archives/edgar/data/21344/000002134412000037/0000021344-12-000037-index.htm", "date": "2012-06-29", "netIncomeRatio": 0.21306839893, "grossProfitRatio": 0.6007642338555598, "interestExpense": 112000000, "eps": 1.23, "epsdiluted": 1.22, "depreciationAndAmortization": 508000000, "costOfRevenue": 5224000000, "operatingIncomeRatio": 0.251738632021, "operatingIncome": 3294000000}, {"finalLink": "https://www.sec.gov/Archives/edgar/data/21344/000002134412000023/a2012033010q.htm", "sellingAndMarketingExpenses": 0.0, "revenue": 11137000000, "researchAndDevelopmentExpenses": 0.0, "acceptedDate": "2012-04-26 12:35:00", "fillingDate": "2012-04-26", "weightedAverageShsOutDil": 2301000000, "costAndExpenses": 8529000000, "ebitda": 2956000000, "ebitdaratio": 0.265421567747, "incomeBeforeTaxRatio": 0.244679895843, "incomeTaxExpense": 658000000, "totalOtherIncomeExpensesNet": 49000000, "grossProfit": 6789000000, "otherExpenses": 0.0, "incomeBeforeTax": 2725000000, "operatingExpenses": 4181000000, "generalAndAdministrativeExpenses": 4181000000, "netIncome": 2054000000, "symbol": "KO", "weightedAverageShsOut": 2263000000, "period": "Q1", "link": "https://www.sec.gov/Archives/edgar/data/21344/000002134412000023/0000021344-12-000023-index.htm", "date": "2012-03-30", "netIncomeRatio": 0.184430277454, "grossProfitRatio": 0.609589656101284, "interestExpense": 88000000, "eps": 0.91, "epsdiluted": 0.89, "depreciationAndAmortization": 447000000, "costOfRevenue": 4348000000, "operatingIncomeRatio": 0.22528508575, "operatingIncome": 2509000000}, {"finalLink": "https://www.sec.gov/Archives/edgar/data/21344/000002134412000007/a2011123110-k.htm", "sellingAndMarketingExpenses": 0.0, "revenue": 11040000000, "researchAndDevelopmentExpenses": 0.0, "acceptedDate": "2012-02-23 14:07:28", "fillingDate": "2012-02-23", "weightedAverageShsOutDil": 2323000000, "costAndExpenses": 8814000000, "ebitda": 2482000000, "ebitdaratio": 0.22481884058, "incomeBeforeTaxRatio": 0.20027173913, "incomeTaxExpense": 537000000, "totalOtherIncomeExpensesNet": 82000000, "grossProfit": 6637000000, "otherExpenses": 0.0, "incomeBeforeTax": 2211000000, "operatingExpenses": 4411000000, "generalAndAdministrativeExpenses": 4411000000, "netIncome": 1654000000, "symbol": "KO", "weightedAverageShsOut": 2284000000, "period": "FY", "link": "https://www.sec.gov/Archives/edgar/data/21344/000002134412000007/0000021344-12-000007-index.htm", "date": "2011-12-31", "netIncomeRatio": 0.14981884058, "grossProfitRatio": 0.6011775362318841, "interestExpense": 104000000, "eps": 0.73, "epsdiluted": 0.72, "depreciationAndAmortization": 531000000, "costOfRevenue": 4403000000, "operatingIncomeRatio": 0.176721014493, "operatingIncome": 1951000000}, {"finalLink": "https://www.sec.gov/Archives/edgar/data/21344/000002134411000011/a2011930-10q.htm", "sellingAndMarketingExpenses": 0.0, "revenue": 12248000000, "researchAndDevelopmentExpenses": 0.0, "acceptedDate": "2011-10-27 12:01:11", "fillingDate": "2011-10-27", "weightedAverageShsOutDil": 2329000000, "costAndExpenses": 9402000000, "ebitda": 3216000000, "ebitdaratio": 0.262573481385, "incomeBeforeTaxRatio": 0.238651208361, "incomeTaxExpense": 680000000, "totalOtherIncomeExpensesNet": -32000000, "grossProfit": 7373000000, "otherExpenses": 0.0, "incomeBeforeTax": 2923000000, "operatingExpenses": 4527000000, "generalAndAdministrativeExpenses": 4527000000, "netIncome": 2221000000, "symbol": "KO", "weightedAverageShsOut": 2289000000, "period": "Q3", "link": "https://www.sec.gov/Archives/edgar/data/21344/000002134411000011/0000021344-11-000011-index.htm", "date": "2011-09-30", "netIncomeRatio": 0.181335728282, "grossProfitRatio": 0.6019758327890268, "interestExpense": 116000000, "eps": 0.97, "epsdiluted": 0.95, "depreciationAndAmortization": 466000000, "costOfRevenue": 4875000000, "operatingIncomeRatio": 0.224526453298, "operatingIncome": 2750000000}, {"finalLink": "https://www.sec.gov/Archives/edgar/data/21344/000104746911006790/a2204930z10-q.htm", "sellingAndMarketingExpenses": 0.0, "revenue": 12737000000, "researchAndDevelopmentExpenses": 0.0, "acceptedDate": "2011-08-01 12:10:23", "fillingDate": "2011-08-01", "weightedAverageShsOutDil": 2330000000, "costAndExpenses": 9411000000, "ebitda": 3645000000, "ebitdaratio": 0.286174138337, "incomeBeforeTaxRatio": 0.297872340426, "incomeTaxExpense": 990000000, "totalOtherIncomeExpensesNet": 362000000, "grossProfit": 7748000000, "otherExpenses": 0.0, "incomeBeforeTax": 3794000000, "operatingExpenses": 4422000000, "generalAndAdministrativeExpenses": 4422000000, "netIncome": 2797000000, "symbol": "KO", "weightedAverageShsOut": 2291000000, "period": "Q2", "link": "https://www.sec.gov/Archives/edgar/data/21344/000104746911006790/0001047469-11-006790-index.htm", "date": "2011-07-01", "netIncomeRatio": 0.219596451284, "grossProfitRatio": 0.6083065085970009, "interestExpense": 84000000, "eps": 1.22, "epsdiluted": 1.2, "depreciationAndAmortization": 471000000, "costOfRevenue": 4989000000, "operatingIncomeRatio": 0.24919525791, "operatingIncome": 3174000000}, {"finalLink": "https://www.sec.gov/Archives/edgar/data/21344/000104746911004348/a2203597z10-q.htm", "sellingAndMarketingExpenses": 0.0, "revenue": 10517000000, "researchAndDevelopmentExpenses": 0.0, "acceptedDate": "2011-05-02 11:51:10", "fillingDate": "2011-05-02", "weightedAverageShsOutDil": 2331000000, "costAndExpenses": 8029000000, "ebitda": 2765000000, "ebitdaratio": 0.262907673291, "incomeBeforeTaxRatio": 0.238756299325, "incomeTaxExpense": 598000000, "totalOtherIncomeExpensesNet": 117000000, "grossProfit": 6568000000, "otherExpenses": 0.0, "incomeBeforeTax": 2511000000, "operatingExpenses": 4080000000, "generalAndAdministrativeExpenses": 4080000000, "netIncome": 1900000000, "symbol": "KO", "weightedAverageShsOut": 2292000000, "period": "Q1", "link": "https://www.sec.gov/Archives/edgar/data/21344/000104746911004348/0001047469-11-004348-index.htm", "date": "2011-04-01", "netIncomeRatio": 0.180659883997, "grossProfitRatio": 0.6245126937339546, "interestExpense": 113000000, "eps": 0.83, "epsdiluted": 0.82, "depreciationAndAmortization": 486000000, "costOfRevenue": 3949000000, "operatingIncomeRatio": 0.216696776647, "operatingIncome": 2279000000}, {"finalLink": "https://www.sec.gov/Archives/edgar/data/21344/000104746911001506/a2202147z10-k.htm", "sellingAndMarketingExpenses": 0.0, "revenue": 10494000000, "researchAndDevelopmentExpenses": 0.0, "acceptedDate": "2011-02-28 11:29:34", "fillingDate": "2011-02-28", "weightedAverageShsOutDil": 2333000000, "costAndExpenses": 8790000000, "ebitda": 1668000000, "ebitdaratio": 0.158947970269, "incomeBeforeTaxRatio": 0.838383838384, "incomeTaxExpense": 457000000, "totalOtherIncomeExpensesNet": 5294000000, "grossProfit": 6215000000, "otherExpenses": 0.0, "incomeBeforeTax": 8798000000, "operatingExpenses": 4511000000, "generalAndAdministrativeExpenses": 4511000000, "netIncome": 5771000000, "symbol": "KO", "weightedAverageShsOut": 2308000000, "period": "FY", "link": "https://www.sec.gov/Archives/edgar/data/21344/000104746911001506/0001047469-11-001506-index.htm", "date": "2010-12-31", "netIncomeRatio": 0.549933295216, "grossProfitRatio": 0.5922431865828093, "interestExpense": 487000000, "eps": 2.5, "epsdiluted": 2.47, "depreciationAndAmortization": 509000000, "costOfRevenue": 4279000000, "operatingIncomeRatio": 0.110444063274, "operatingIncome": 1159000000}, {"finalLink": "https://www.sec.gov/Archives/edgar/data/21344/000104746910008993/a2200602z10-q.htm", "sellingAndMarketingExpenses": 0.0, "revenue": 8426000000, "researchAndDevelopmentExpenses": 0.0, "acceptedDate": "2010-10-29 11:03:33", "fillingDate": "2010-10-29", "weightedAverageShsOutDil": 2329000000, "costAndExpenses": 5982000000, "ebitda": 2667000000, "ebitdaratio": 0.316520294327, "incomeBeforeTaxRatio": 0.354497982435, "incomeTaxExpense": 633000000, "totalOtherIncomeExpensesNet": -12000000, "grossProfit": 5508000000, "otherExpenses": 0.0, "incomeBeforeTax": 2987000000, "operatingExpenses": 3064000000, "generalAndAdministrativeExpenses": 3064000000, "netIncome": 2055000000, "symbol": "KO", "weightedAverageShsOut": 2307000000, "period": "Q3", "link": "https://www.sec.gov/Archives/edgar/data/21344/000104746910008993/0001047469-10-008993-index.htm", "date": "2010-10-01", "netIncomeRatio": 0.24388796582, "grossProfitRatio": 0.6536909565630192, "interestExpense": 80000000, "eps": 0.89, "epsdiluted": 0.88, "depreciationAndAmortization": 323000000, "costOfRevenue": 2918000000, "operatingIncomeRatio": 0.278186565393, "operatingIncome": 2344000000}, {"finalLink": "https://www.sec.gov/Archives/edgar/data/21344/000104746910006835/a2199494z10-q.htm", "sellingAndMarketingExpenses": 0.0, "revenue": 8674000000, "researchAndDevelopmentExpenses": 0.0, "acceptedDate": "2010-08-02 10:06:55", "fillingDate": "2010-08-02", "weightedAverageShsOutDil": 2326000000, "costAndExpenses": 5833000000, "ebitda": 3079000000, "ebitdaratio": 0.354968872493, "incomeBeforeTaxRatio": 0.0335485358543, "incomeTaxExpense": 741000000, "totalOtherIncomeExpensesNet": 18000000, "grossProfit": 5719000000, "otherExpenses": 0.0, "incomeBeforeTax": 291000000, "operatingExpenses": 2878000000, "generalAndAdministrativeExpenses": 2878000000, "netIncome": 2369000000, "symbol": "KO", "weightedAverageShsOut": 2305000000, "period": "Q2", "link": "https://www.sec.gov/Archives/edgar/data/21344/000104746910006835/0001047469-10-006835-index.htm", "date": "2010-07-02", "netIncomeRatio": 0.273115056491, "grossProfitRatio": 0.6593267235416186, "interestExpense": 81000000, "eps": 1.03, "epsdiluted": 1.02, "depreciationAndAmortization": 316000000, "costOfRevenue": 2955000000, "operatingIncomeRatio": 0.318538160018, "operatingIncome": 2763000000}, {"finalLink": "https://www.sec.gov/Archives/edgar/data/21344/000104746910004416/a2198349z10-q.htm", "sellingAndMarketingExpenses": 0.0, "revenue": 7525000000, "researchAndDevelopmentExpenses": 0.0, "acceptedDate": "2010-04-29 15:12:46", "fillingDate": "2010-04-29", "weightedAverageShsOutDil": 2327000000, "costAndExpenses": 5246000000, "ebitda": 2478000000, "ebitdaratio": 0.329302325581, "incomeBeforeTaxRatio": 0.28956810631229235, "incomeTaxExpense": 553000000, "totalOtherIncomeExpensesNet": -115000000, "grossProfit": 4984000000, "otherExpenses": 0.0, "incomeBeforeTax": 2167000000, "operatingExpenses": 2705000000, "generalAndAdministrativeExpenses": 2705000000, "netIncome": 1614000000, "symbol": "KO", "weightedAverageShsOut": 2304000000, "period": "Q1", "link": "https://www.sec.gov/Archives/edgar/data/21344/000104746910004416/0001047469-10-004416-index.htm", "date": "2010-04-02", "netIncomeRatio": 0.214485049834, "grossProfitRatio": 0.6623255813953488, "interestExpense": 85000000, "eps": 0.7, "epsdiluted": 0.69, "depreciationAndAmortization": 295000000, "costOfRevenue": 2541000000, "operatingIncomeRatio": 0.290099667774, "operatingIncome": 2183000000}, {"finalLink": "https://www.sec.gov/Archives/edgar/data/21344/000104746910001476/a2195739z10-k.htm", "sellingAndMarketingExpenses": 0.0, "revenue": 7510000000, "researchAndDevelopmentExpenses": 0.0, "acceptedDate": "2010-02-26 09:39:34", "fillingDate": "2010-02-26", "weightedAverageShsOutDil": 2329000000, "costAndExpenses": 5629000000, "ebitda": 1780000000, "ebitdaratio": 0.237017310252996, "incomeBeforeTaxRatio": 0.2609853528628495, "incomeTaxExpense": 0.0, "totalOtherIncomeExpensesNet": 27000000, "grossProfit": 4859000000, "otherExpenses": 0.0, "incomeBeforeTax": 1960000000, "operatingExpenses": 2978000000, "generalAndAdministrativeExpenses": 2978000000, "netIncome": 1960000000, "symbol": "KO", "weightedAverageShsOut": 2314000000, "period": "FY", "link": "https://www.sec.gov/Archives/edgar/data/21344/000104746910001476/0001047469-10-001476-index.htm", "date": "2009-12-31", "netIncomeRatio": 0.2609853528628495, "grossProfitRatio": 0.6470039946737683, "interestExpense": -84000000, "eps": 6.824, "epsdiluted": 6.824, "depreciationAndAmortization": 0.0, "costOfRevenue": 2651000000, "operatingIncomeRatio": 0.237017310252996, "operatingIncome": 1780000000}, {"finalLink": "https://www.sec.gov/Archives/edgar/data/21344/000104746909009286/a2195110z10-q.htm", "sellingAndMarketingExpenses": 0.0, "revenue": 8044000000, "researchAndDevelopmentExpenses": 0.0, "acceptedDate": "2009-10-29 14:20:32", "fillingDate": "2009-10-29", "weightedAverageShsOutDil": 2329000000, "costAndExpenses": 5846000000, "ebitda": 2150000000, "ebitdaratio": 0.26727996021879663, "incomeBeforeTaxRatio": 0.3037046245648931, "incomeTaxExpense": 0.0, "totalOtherIncomeExpensesNet": 33000000, "grossProfit": 5110000000, "otherExpenses": 0.0, "incomeBeforeTax": 2443000000, "operatingExpenses": 2912000000, "generalAndAdministrativeExpenses": 2912000000, "netIncome": 2443000000, "symbol": "KO", "weightedAverageShsOut": 2314000000, "period": "Q3", "link": "https://www.sec.gov/Archives/edgar/data/21344/000104746909009286/0001047469-09-009286-index.htm", "date": "2009-10-02", "netIncomeRatio": 0.3037046245648931, "grossProfitRatio": 0.6352560914967678, "interestExpense": -89000000, "eps": 5.281, "epsdiluted": 5.281, "depreciationAndAmortization": 0.0, "costOfRevenue": 2934000000, "operatingIncomeRatio": 0.26727996021879663, "operatingIncome": 2150000000}, {"finalLink": "https://www.sec.gov/Archives/edgar/data/21344/000104746909007013/a2193827z10-q.htm", "sellingAndMarketingExpenses": 0.0, "revenue": 8267000000, "researchAndDevelopmentExpenses": 0.0, "acceptedDate": "2009-07-30 10:33:15", "fillingDate": "2009-07-30", "weightedAverageShsOutDil": 2329000000, "costAndExpenses": 5757000000, "ebitda": 2155000000, "ebitdaratio": 0.2606749727833555, "incomeBeforeTaxRatio": 0.32998669408491593, "incomeTaxExpense": 0.0, "totalOtherIncomeExpensesNet": 20000000, "grossProfit": 5354000000, "otherExpenses": 0.0, "incomeBeforeTax": 2728000000, "operatingExpenses": 2844000000, "generalAndAdministrativeExpenses": 2844000000, "netIncome": 2728000000, "symbol": "KO", "weightedAverageShsOut": 2314000000, "period": "Q2", "link": "https://www.sec.gov/Archives/edgar/data/21344/000104746909007013/0001047469-09-007013-index.htm", "date": "2009-07-03", "netIncomeRatio": 0.32998669408491593, "grossProfitRatio": 0.6476351760009676, "interestExpense": -97000000, "eps": 3.385, "epsdiluted": 3.385, "depreciationAndAmortization": -283000000, "costOfRevenue": 2913000000, "operatingIncomeRatio": 0.29490746340873353, "operatingIncome": 2438000000}, {"finalLink": "https://www.sec.gov/Archives/edgar/data/21344/000104746909004778/a2192560z10-q.htm", "sellingAndMarketingExpenses": 0.0, "revenue": 7169000000, "researchAndDevelopmentExpenses": 0.0, "acceptedDate": "2009-04-30 13:46:22", "fillingDate": "2009-04-30", "weightedAverageShsOutDil": 1346439169, "costAndExpenses": 5214000000, "ebitda": 2146000000, "ebitdaratio": 0.2993443994978379, "incomeBeforeTaxRatio": 0.2531733854094016, "incomeTaxExpense": 0.0, "totalOtherIncomeExpensesNet": -40000000, "grossProfit": 4579000000, "otherExpenses": 0.0, "incomeBeforeTax": 1815000000, "operatingExpenses": 2624000000, "generalAndAdministrativeExpenses": 2624000000, "netIncome": 1815000000, "symbol": "KO", "weightedAverageShsOut": 1346439169, "period": "Q1", "link": "https://www.sec.gov/Archives/edgar/data/21344/000104746909004778/0001047469-09-004778-index.htm", "date": "2009-03-31", "netIncomeRatio": 0.2531733854094016, "grossProfitRatio": 0.6387222764681266, "interestExpense": -85000000, "eps": 1.348, "epsdiluted": 1.348, "depreciationAndAmortization": 283000000, "costOfRevenue": 2590000000, "operatingIncomeRatio": 0.2598688798995676, "operatingIncome": 1863000000}, {"finalLink": "https://www.sec.gov/Archives/edgar/data/21344/000104746909001875/a2190274z10-k.htm", "sellingAndMarketingExpenses": 0.0, "revenue": 7126000000, "researchAndDevelopmentExpenses": 0.0, "acceptedDate": "2009-02-26 14:42:20", "fillingDate": "2009-02-26", "weightedAverageShsOutDil": 2313461538, "costAndExpenses": 5312000000, "ebitda": 1706000000, "ebitdaratio": 0.23940499579006455, "incomeBeforeTaxRatio": 0.1613808588268313, "incomeTaxExpense": 0.0, "totalOtherIncomeExpensesNet": -89000000, "grossProfit": 4558000000, "otherExpenses": 0.0, "incomeBeforeTax": 1150000000, "operatingExpenses": 2744000000, "generalAndAdministrativeExpenses": 2744000000, "netIncome": 995000000, "symbol": "KO", "weightedAverageShsOut": 2313461538, "period": "FY", "link": "https://www.sec.gov/Archives/edgar/data/21344/000104746909001875/0001047469-09-001875-index.htm", "date": "2008-12-31", "netIncomeRatio": 0.13962952568060624, "grossProfitRatio": 0.6396295256806063, "interestExpense": -121000000, "eps": 0.0, "epsdiluted": 0.0, "depreciationAndAmortization": 0.0, "costOfRevenue": 2568000000, "operatingIncomeRatio": 0.23940499579006455, "operatingIncome": 1706000000}, {"finalLink": "https://www.sec.gov/Archives/edgar/data/21344/000104746908011110/a2188581z10-q.htm", "sellingAndMarketingExpenses": 0.0, "revenue": 8393000000, "researchAndDevelopmentExpenses": 0.0, "acceptedDate": "2008-10-23 13:08:13", "fillingDate": "2008-10-23", "weightedAverageShsOutDil": 2313461538, "costAndExpenses": 6139000000, "ebitda": 1550000000, "ebitdaratio": 0.18467770761348742, "incomeBeforeTaxRatio": 0.2913141903967592, "incomeTaxExpense": 0.0, "totalOtherIncomeExpensesNet": -8000000.0, "grossProfit": 5373000000, "otherExpenses": 0.0, "incomeBeforeTax": 2445000000, "operatingExpenses": 3119000000, "generalAndAdministrativeExpenses": 3119000000, "netIncome": 1890000000, "symbol": "KO", "weightedAverageShsOut": 2313461538, "period": "Q3", "link": "https://www.sec.gov/Archives/edgar/data/21344/000104746908011110/0001047469-08-011110-index.htm", "date": "2008-09-26", "netIncomeRatio": 0.22518765638031693, "grossProfitRatio": 0.6401763374240439, "interestExpense": -111000000, "eps": 2.08, "epsdiluted": 2.08, "depreciationAndAmortization": -637000000, "costOfRevenue": 3020000000, "operatingIncomeRatio": 0.2605742880972239, "operatingIncome": 2187000000}, {"finalLink": "https://www.sec.gov/Archives/edgar/data/21344/000104746908008358/a2186890z10-q.htm", "sellingAndMarketingExpenses": 0.0, "revenue": 9046000000, "researchAndDevelopmentExpenses": 0.0, "acceptedDate": "2008-07-24 12:02:40", "fillingDate": "2008-07-24", "weightedAverageShsOutDil": 2319047619, "costAndExpenses": 6270000000, "ebitda": 3009000000, "ebitdaratio": 0.3326332080477559, "incomeBeforeTaxRatio": 0.20959540128233473, "incomeTaxExpense": 0.0, "totalOtherIncomeExpensesNet": 80000000, "grossProfit": 5884000000, "otherExpenses": 0.0, "incomeBeforeTax": 1896000000, "operatingExpenses": 3108000000, "generalAndAdministrativeExpenses": 3108000000, "netIncome": 1422000000, "symbol": "KO", "weightedAverageShsOut": 2319047619, "period": "Q2", "link": "https://www.sec.gov/Archives/edgar/data/21344/000104746908008358/0001047469-08-008358-index.htm", "date": "2008-06-27", "netIncomeRatio": 0.15719655096175106, "grossProfitRatio": 0.6504532390006633, "interestExpense": -89000000, "eps": 1.26, "epsdiluted": 1.26, "depreciationAndAmortization": 330000000, "costOfRevenue": 3162000000, "operatingIncomeRatio": 0.2961529957992483, "operatingIncome": 2679000000}, {"finalLink": "https://www.sec.gov/Archives/edgar/data/21344/000104746908005195/a2184855z10-q.htm", "sellingAndMarketingExpenses": 0.0, "revenue": 7379000000, "researchAndDevelopmentExpenses": 0.0, "acceptedDate": "2008-04-25 10:26:05", "fillingDate": "2008-04-25", "weightedAverageShsOutDil": 2307692307, "costAndExpenses": 5427000000, "ebitda": 2181000000, "ebitdaratio": 0.29556850521750916, "incomeBeforeTaxRatio": 0.26399241089578535, "incomeTaxExpense": 0.0, "totalOtherIncomeExpensesNet": -11000000, "grossProfit": 4755000000, "otherExpenses": 0.0, "incomeBeforeTax": 1948000000, "operatingExpenses": 2803000000, "generalAndAdministrativeExpenses": 2803000000, "netIncome": 1500000000, "symbol": "KO", "weightedAverageShsOut": 2307692307, "period": "Q1", "link": "https://www.sec.gov/Archives/edgar/data/21344/000104746908005195/0001047469-08-005195-index.htm", "date": "2008-03-28", "netIncomeRatio": 0.20327957717847947, "grossProfitRatio": 0.64439625965578, "interestExpense": -117000000, "eps": 0.65, "epsdiluted": 0.65, "depreciationAndAmortization": 307000000, "costOfRevenue": 2624000000, "operatingIncomeRatio": 0.2539639517549804, "operatingIncome": 1874000000}, {"finalLink": "https://www.sec.gov/Archives/edgar/data/21344/000119312508041768/d10k.htm", "sellingAndMarketingExpenses": 0.0, "revenue": 7331000000, "researchAndDevelopmentExpenses": 0.0, "acceptedDate": "2008-02-28 16:13:51", "fillingDate": "2008-02-28", "weightedAverageShsOutDil": 2327237354, "costAndExpenses": 5680000000, "ebitda": 1526000000, "ebitdaratio": 0.20815714090847087, "incomeBeforeTaxRatio": 0.22138862365298048, "incomeTaxExpense": 0.0, "totalOtherIncomeExpensesNet": -4000000.0, "grossProfit": 4690000000, "otherExpenses": 0.0, "incomeBeforeTax": 1623000000, "operatingExpenses": 3039000000, "generalAndAdministrativeExpenses": 3039000000, "netIncome": 1214000000, "symbol": "KO", "weightedAverageShsOut": 2309266409, "period": "FY", "link": "https://www.sec.gov/Archives/edgar/data/21344/000119312508041768/0001193125-08-041768-index.htm", "date": "2007-12-31", "netIncomeRatio": 0.165598144864275, "grossProfitRatio": 0.6397490110489701, "interestExpense": -156000000, "eps": 2.59, "epsdiluted": 2.57, "depreciationAndAmortization": 0.0, "costOfRevenue": 2641000000, "operatingIncomeRatio": 0.20815714090847087, "operatingIncome": 1526000000}, {"finalLink": "https://www.sec.gov/Archives/edgar/data/21344/000104746907007893/a2180312z10-q.htm", "sellingAndMarketingExpenses": 0.0, "revenue": 7690000000, "researchAndDevelopmentExpenses": 0.0, "acceptedDate": "2007-10-24 13:36:57", "fillingDate": "2007-10-24", "weightedAverageShsOutDil": 2314077669, "costAndExpenses": 5780000000, "ebitda": 1829000000, "ebitdaratio": 0.2378413524057217, "incomeBeforeTaxRatio": 0.2747724317295189, "incomeTaxExpense": 0.0, "totalOtherIncomeExpensesNet": 65000000, "grossProfit": 4806000000, "otherExpenses": 0.0, "incomeBeforeTax": 2113000000, "operatingExpenses": 2896000000, "generalAndAdministrativeExpenses": 2896000000, "netIncome": 1654000000, "symbol": "KO", "weightedAverageShsOut": 2314077669, "period": "Q3", "link": "https://www.sec.gov/Archives/edgar/data/21344/000104746907007893/0001047469-07-007893-index.htm", "date": "2007-09-28", "netIncomeRatio": 0.21508452535760728, "grossProfitRatio": 0.6249674902470741, "interestExpense": -127000000, "eps": 2.06, "epsdiluted": 2.06, "depreciationAndAmortization": 0.0, "costOfRevenue": 2884000000, "operatingIncomeRatio": 0.2378413524057217, "operatingIncome": 1829000000}, {"finalLink": "https://www.sec.gov/Archives/edgar/data/21344/000104746907005866/a2178997z10-q.htm", "sellingAndMarketingExpenses": 0.0, "revenue": 7733000000, "researchAndDevelopmentExpenses": 0.0, "acceptedDate": "2007-07-26 15:14:49", "fillingDate": "2007-07-26", "weightedAverageShsOutDil": 2305925925, "costAndExpenses": 5421000000, "ebitda": 2270000000, "ebitdaratio": 0.2935471356523988, "incomeBeforeTaxRatio": 0.31139273244536403, "incomeTaxExpense": 0.0, "totalOtherIncomeExpensesNet": -4000000.0, "grossProfit": 4997000000, "otherExpenses": 0.0, "incomeBeforeTax": 2408000000, "operatingExpenses": 2685000000, "generalAndAdministrativeExpenses": 2685000000, "netIncome": 1851000000, "symbol": "KO", "weightedAverageShsOut": 2305925925, "period": "Q2", "link": "https://www.sec.gov/Archives/edgar/data/21344/000104746907005866/0001047469-07-005866-index.htm", "date": "2007-06-29", "netIncomeRatio": 0.23936376567955514, "grossProfitRatio": 0.6461916461916462, "interestExpense": -102000000, "eps": 1.35, "epsdiluted": 1.35, "depreciationAndAmortization": 0.0, "costOfRevenue": 2736000000, "operatingIncomeRatio": 0.2935471356523988, "operatingIncome": 2270000000}, {"finalLink": "https://www.sec.gov/Archives/edgar/data/21344/000104746907003223/a2177342z10-q.htm", "sellingAndMarketingExpenses": 0.0, "revenue": 6103000000, "researchAndDevelopmentExpenses": 0.0, "acceptedDate": "2007-04-26 12:32:57", "fillingDate": "2007-04-26", "weightedAverageShsOutDil": 2294545454, "costAndExpenses": 4470000000, "ebitda": 1627000000, "ebitdaratio": 0.2665902015402261, "incomeBeforeTaxRatio": 0.2833032934622317, "incomeTaxExpense": 0.0, "totalOtherIncomeExpensesNet": 116000000, "grossProfit": 3958000000, "otherExpenses": 0.0, "incomeBeforeTax": 1729000000, "operatingExpenses": 2325000000, "generalAndAdministrativeExpenses": 2325000000, "netIncome": 1262000000, "symbol": "KO", "weightedAverageShsOut": 2294545454, "period": "Q1", "link": "https://www.sec.gov/Archives/edgar/data/21344/000104746907003223/0001047469-07-003223-index.htm", "date": "2007-03-30", "netIncomeRatio": 0.2067835490742258, "grossProfitRatio": 0.6485335081107652, "interestExpense": -71000000, "eps": 0.55, "epsdiluted": 0.55, "depreciationAndAmortization": 0.0, "costOfRevenue": 2145000000, "operatingIncomeRatio": 0.2665902015402261, "operatingIncome": 1627000000}, {"finalLink": "https://www.sec.gov/Archives/edgar/data/21344/000104746907001328/a2176230z10-k.htm", "sellingAndMarketingExpenses": 0.0, "revenue": 5932000000, "researchAndDevelopmentExpenses": 0.0, "acceptedDate": "2007-02-21 15:53:37", "fillingDate": "2007-02-21", "weightedAverageShsOutDil": 2354010695, "costAndExpenses": 4650000000, "ebitda": 1212000000, "ebitdaratio": 0.2043155765340526, "incomeBeforeTaxRatio": 0.14935940660822658, "incomeTaxExpense": 0.0, "totalOtherIncomeExpensesNet": 147000000, "grossProfit": 3869000000, "otherExpenses": 0.0, "incomeBeforeTax": 886000000, "operatingExpenses": 2587000000, "generalAndAdministrativeExpenses": 2587000000, "netIncome": 678000000, "symbol": "KO", "weightedAverageShsOut": 2354010695, "period": "FY", "link": "https://www.sec.gov/Archives/edgar/data/21344/000104746907001328/0001047469-07-001328-index.htm", "date": "2006-12-31", "netIncomeRatio": 0.11429534726904922, "grossProfitRatio": 0.6522252191503709, "interestExpense": -47000000, "eps": 0.0, "epsdiluted": 0.0, "depreciationAndAmortization": 0.0, "costOfRevenue": 2063000000, "operatingIncomeRatio": 0.2043155765340526, "operatingIncome": 1212000000}, {"finalLink": "https://www.sec.gov/Archives/edgar/data/21344/000104746906013139/a2173941z10-q.htm", "sellingAndMarketingExpenses": 0.0, "revenue": 6454000000, "researchAndDevelopmentExpenses": 0.0, "acceptedDate": "2006-10-26 14:19:53", "fillingDate": "2006-10-26", "weightedAverageShsOutDil": 2354010695, "costAndExpenses": 4753000000, "ebitda": 1662000000, "ebitdaratio": 0.2575147195537651, "incomeBeforeTaxRatio": 0.28292531763247597, "incomeTaxExpense": 0.0, "totalOtherIncomeExpensesNet": -55000000, "grossProfit": 4189000000, "otherExpenses": 0.0, "incomeBeforeTax": 1826000000, "operatingExpenses": 2488000000, "generalAndAdministrativeExpenses": 2488000000, "netIncome": 1460000000, "symbol": "KO", "weightedAverageShsOut": 2354010695, "period": "Q3", "link": "https://www.sec.gov/Archives/edgar/data/21344/000104746906013139/0001047469-06-013139-index.htm", "date": "2006-09-29", "netIncomeRatio": 0.22621629996901146, "grossProfitRatio": 0.6490548497056089, "interestExpense": -47000000, "eps": 1.87, "epsdiluted": 1.87, "depreciationAndAmortization": 0.0, "costOfRevenue": 2265000000, "operatingIncomeRatio": 0.2575147195537651, "operatingIncome": 1662000000}, {"finalLink": "https://www.sec.gov/Archives/edgar/data/21344/000110465906049246/a06-15559_110q.htm", "sellingAndMarketingExpenses": 0.0, "revenue": 6476000000, "researchAndDevelopmentExpenses": 0.0, "acceptedDate": "2006-07-27 13:03:59", "fillingDate": "2006-07-27", "weightedAverageShsOutDil": 2353600000, "costAndExpenses": 4406000000, "ebitda": 2039000000, "ebitdaratio": 0.31485484867201974, "incomeBeforeTaxRatio": 0.3692093885114268, "incomeTaxExpense": 0.0, "totalOtherIncomeExpensesNet": 103000000, "grossProfit": 4366000000, "otherExpenses": 0.0, "incomeBeforeTax": 2391000000, "operatingExpenses": 2296000000, "generalAndAdministrativeExpenses": 2296000000, "netIncome": 1836000000, "symbol": "KO", "weightedAverageShsOut": 2353600000, "period": "Q2", "link": "https://www.sec.gov/Archives/edgar/data/21344/000110465906049246/0001104659-06-049246-index.htm", "date": "2006-06-30", "netIncomeRatio": 0.2835083384805435, "grossProfitRatio": 0.6741815935762816, "interestExpense": -63000000, "eps": 1.25, "epsdiluted": 1.25, "depreciationAndAmortization": 0.0, "costOfRevenue": 2110000000, "operatingIncomeRatio": 0.31485484867201974, "operatingIncome": 2039000000}, {"finalLink": "https://www.sec.gov/Archives/edgar/data/21344/000110465906028278/a06-9696_110q.htm", "sellingAndMarketingExpenses": 0.0, "revenue": 5226000000, "researchAndDevelopmentExpenses": 0.0, "acceptedDate": "2006-04-27 14:49:31", "fillingDate": "2006-04-27", "weightedAverageShsOutDil": 2353191489, "costAndExpenses": 3786000000, "ebitda": 1395000000, "ebitdaratio": 0.2669345579793341, "incomeBeforeTaxRatio": 0.2822426329889016, "incomeTaxExpense": 0.0, "totalOtherIncomeExpensesNet": 0.0, "grossProfit": 3500000000, "otherExpenses": 0.0, "incomeBeforeTax": 1475000000, "operatingExpenses": 2060000000, "generalAndAdministrativeExpenses": 2060000000, "netIncome": 1106000000, "symbol": "KO", "weightedAverageShsOut": 2353191489, "period": "Q1", "link": "https://www.sec.gov/Archives/edgar/data/21344/000110465906028278/0001104659-06-028278-index.htm", "date": "2006-03-31", "netIncomeRatio": 0.21163413700727132, "grossProfitRatio": 0.6697282816685802, "interestExpense": -63000000, "eps": 0.47, "epsdiluted": 0.47, "depreciationAndAmortization": 0.0, "costOfRevenue": 1726000000, "operatingIncomeRatio": 0.2669345579793341, "operatingIncome": 1395000000}, {"finalLink": "https://www.sec.gov/Archives/edgar/data/21344/000104746906002588/a2167326z10-k.htm", "sellingAndMarketingExpenses": 0.0, "revenue": 5551000000, "researchAndDevelopmentExpenses": 0.0, "acceptedDate": "2006-02-28 13:33:03", "fillingDate": "2006-02-28", "weightedAverageShsOutDil": 2400000000, "costAndExpenses": 4289000000, "ebitda": 1262000000, "ebitdaratio": 0.22734642406773553, "incomeBeforeTaxRatio": 0.2473428211133129, "incomeTaxExpense": 0.0, "totalOtherIncomeExpensesNet": 66000000, "grossProfit": 3555000000, "otherExpenses": 0.0, "incomeBeforeTax": 1373000000, "operatingExpenses": 2293000000, "generalAndAdministrativeExpenses": 2293000000, "netIncome": 864000000, "symbol": "KO", "weightedAverageShsOut": 2400000000, "period": "FY", "link": "https://www.sec.gov/Archives/edgar/data/21344/000104746906002588/0001047469-06-002588-index.htm", "date": "2005-12-31", "netIncomeRatio": 0.15564763105746712, "grossProfitRatio": 0.6404251486218699, "interestExpense": -61000000, "eps": 0.0, "epsdiluted": 0.0, "depreciationAndAmortization": 0.0, "costOfRevenue": 1996000000, "operatingIncomeRatio": 0.22734642406773553, "operatingIncome": 1262000000}, {"finalLink": "https://www.sec.gov/Archives/edgar/data/21344/000110465905050698/a05-18476_110q.htm", "sellingAndMarketingExpenses": 0.0, "revenue": 6037000000, "researchAndDevelopmentExpenses": 0.0, "acceptedDate": "2005-10-27 17:31:09", "fillingDate": "2005-10-27", "weightedAverageShsOutDil": 2400000000, "costAndExpenses": 4460000000, "ebitda": 1492000000, "ebitdaratio": 0.24714262050687427, "incomeBeforeTaxRatio": 0.2738114957760477, "incomeTaxExpense": 0.0, "totalOtherIncomeExpensesNet": -34000000, "grossProfit": 3802000000, "otherExpenses": 0.0, "incomeBeforeTax": 1653000000, "operatingExpenses": 2225000000, "generalAndAdministrativeExpenses": 2225000000, "netIncome": 1283000000, "symbol": "KO", "weightedAverageShsOut": 2400000000, "period": "Q3", "link": "https://www.sec.gov/Archives/edgar/data/21344/000110465905050698/0001104659-05-050698-index.htm", "date": "2005-09-30", "netIncomeRatio": 0.212522776213351, "grossProfitRatio": 0.6297830048037104, "interestExpense": -49000000, "eps": 1.67, "epsdiluted": 1.67, "depreciationAndAmortization": 0.0, "costOfRevenue": 2235000000, "operatingIncomeRatio": 0.24714262050687427, "operatingIncome": 1492000000}, {"finalLink": "https://www.sec.gov/Archives/edgar/data/21344/000110465905035430/a05-13752_110q.htm", "sellingAndMarketingExpenses": 0.0, "revenue": 6250000000, "researchAndDevelopmentExpenses": 0.0, "acceptedDate": "2005-08-01 17:11:49", "fillingDate": "2005-08-01", "weightedAverageShsOutDil": 2411504424, "costAndExpenses": 4278000000, "ebitda": 1972000000, "ebitdaratio": 0.31552, "incomeBeforeTaxRatio": 0.35456, "incomeTaxExpense": 0.0, "totalOtherIncomeExpensesNet": -15000000, "grossProfit": 4095000000, "otherExpenses": 0.0, "incomeBeforeTax": 2216000000, "operatingExpenses": 2123000000, "generalAndAdministrativeExpenses": 2123000000, "netIncome": 1723000000, "symbol": "KO", "weightedAverageShsOut": 2411504424, "period": "Q2", "link": "https://www.sec.gov/Archives/edgar/data/21344/000110465905035430/0001104659-05-035430-index.htm", "date": "2005-07-01", "netIncomeRatio": 0.27568, "grossProfitRatio": 0.6552, "interestExpense": -62000000, "eps": 1.13, "epsdiluted": 1.13, "depreciationAndAmortization": 0.0, "costOfRevenue": 2155000000, "operatingIncomeRatio": 0.31552, "operatingIncome": 1972000000}, {"finalLink": "https://www.sec.gov/Archives/edgar/data/21344/000104746905011762/a2156644z10-q.htm", "sellingAndMarketingExpenses": 0.0, "revenue": 5266000000, "researchAndDevelopmentExpenses": 0.0, "acceptedDate": "2005-04-28 15:02:56", "fillingDate": "2005-04-28", "weightedAverageShsOutDil": 2385714285, "costAndExpenses": 3907000000, "ebitda": 1359000000, "ebitdaratio": 0.2580706418533992, "incomeBeforeTaxRatio": 0.2749715153816939, "incomeTaxExpense": 0.0, "totalOtherIncomeExpensesNet": -17000000, "grossProfit": 3457000000, "otherExpenses": 0.0, "incomeBeforeTax": 1448000000, "operatingExpenses": 2098000000, "generalAndAdministrativeExpenses": 2098000000, "netIncome": 1002000000, "symbol": "KO", "weightedAverageShsOut": 2385714285, "period": "Q1", "link": "https://www.sec.gov/Archives/edgar/data/21344/000104746905011762/0001047469-05-011762-index.htm", "date": "2005-03-31", "netIncomeRatio": 0.19027725028484618, "grossProfitRatio": 0.6564755032282568, "interestExpense": -68000000, "eps": 0.42, "epsdiluted": 0.42, "depreciationAndAmortization": 0.0, "costOfRevenue": 1809000000, "operatingIncomeRatio": 0.2580706418533992, "operatingIncome": 1359000000}, {"finalLink": "https://www.sec.gov/Archives/edgar/data/21344/000104746905005411/a2151637z10-k.htm", "sellingAndMarketingExpenses": 0.0, "revenue": 5257000000, "researchAndDevelopmentExpenses": 0.0, "acceptedDate": "2005-03-04 13:05:52", "fillingDate": "2005-03-04", "weightedAverageShsOutDil": 150061919, "costAndExpenses": 3910000000, "ebitda": 1347000000, "ebitdaratio": 0.25622978885295794, "incomeBeforeTaxRatio": 0.2704964808826327, "incomeTaxExpense": 0.0, "totalOtherIncomeExpensesNet": -82000000, "grossProfit": 3454000000, "otherExpenses": 0.0, "incomeBeforeTax": 1422000000, "operatingExpenses": 2107000000, "generalAndAdministrativeExpenses": 2107000000, "netIncome": 1201000000, "symbol": "KO", "weightedAverageShsOut": 150061919, "period": "FY", "link": "https://www.sec.gov/Archives/edgar/data/21344/000104746905005411/0001047469-05-005411-index.htm", "date": "2004-12-31", "netIncomeRatio": 0.22845729503519116, "grossProfitRatio": 0.6570287236066198, "interestExpense": -58000000, "eps": 32.3, "epsdiluted": 32.3, "depreciationAndAmortization": 0.0, "costOfRevenue": 1803000000, "operatingIncomeRatio": 0.25622978885295794, "operatingIncome": 1347000000}, {"finalLink": "https://www.sec.gov/Archives/edgar/data/21344/000104746904032333/a2144977z10-q.htm", "sellingAndMarketingExpenses": 0.0, "revenue": 5662000000, "researchAndDevelopmentExpenses": 0.0, "acceptedDate": "2004-10-28 10:37:17", "fillingDate": "2004-10-28", "weightedAverageShsOutDil": 2430666666, "costAndExpenses": 4173000000, "ebitda": 1097000000, "ebitdaratio": 0.1937477922995408, "incomeBeforeTaxRatio": 0.2181208053691275, "incomeTaxExpense": 0.0, "totalOtherIncomeExpensesNet": 30000000, "grossProfit": 3610000000, "otherExpenses": 0.0, "incomeBeforeTax": 1235000000, "operatingExpenses": 2121000000, "generalAndAdministrativeExpenses": 2121000000, "netIncome": 935000000, "symbol": "KO", "weightedAverageShsOut": 2430666666, "period": "Q3", "link": "https://www.sec.gov/Archives/edgar/data/21344/000104746904032333/0001047469-04-032333-index.htm", "date": "2004-09-30", "netIncomeRatio": 0.16513599434828682, "grossProfitRatio": 0.6375838926174496, "interestExpense": -47000000, "eps": 1.5, "epsdiluted": 1.5, "depreciationAndAmortization": 0.0, "costOfRevenue": 2052000000, "operatingIncomeRatio": 0.1937477922995408, "operatingIncome": 1097000000}, {"finalLink": "https://www.sec.gov/Archives/edgar/data/21344/000104746904025463/a2140656z10-q.htm", "sellingAndMarketingExpenses": 0.0, "revenue": 5965000000, "researchAndDevelopmentExpenses": 0.0, "acceptedDate": "2004-08-05 13:34:38", "fillingDate": "2004-08-05", "weightedAverageShsOutDil": 2442342342, "costAndExpenses": 4074000000, "ebitda": 1803000000, "ebitdaratio": 0.3022632020117351, "incomeBeforeTaxRatio": 0.34417435037720034, "incomeTaxExpense": 0.0, "totalOtherIncomeExpensesNet": -5000000.0, "grossProfit": 3935000000, "otherExpenses": 0.0, "incomeBeforeTax": 2053000000, "operatingExpenses": 2044000000, "generalAndAdministrativeExpenses": 2044000000, "netIncome": 1584000000, "symbol": "KO", "weightedAverageShsOut": 2442342342, "period": "Q2", "link": "https://www.sec.gov/Archives/edgar/data/21344/000104746904025463/0001047469-04-025463-index.htm", "date": "2004-06-30", "netIncomeRatio": 0.2655490360435876, "grossProfitRatio": 0.6596814752724225, "interestExpense": -47000000, "eps": 1.11, "epsdiluted": 1.11, "depreciationAndAmortization": 0.0, "costOfRevenue": 2030000000, "operatingIncomeRatio": 0.3022632020117351, "operatingIncome": 1803000000}, {"finalLink": "https://www.sec.gov/Archives/edgar/data/21344/000104746904014222/a2133556z10-q.htm", "sellingAndMarketingExpenses": 0.0, "revenue": 5078000000, "researchAndDevelopmentExpenses": 0.0, "acceptedDate": "2004-04-29 10:38:32", "fillingDate": "2004-04-29", "weightedAverageShsOutDil": 2450000000, "costAndExpenses": 3627000000, "ebitda": 1451000000, "ebitdaratio": 0.28574241827491137, "incomeBeforeTaxRatio": 0.2977550216620717, "incomeTaxExpense": 0.0, "totalOtherIncomeExpensesNet": -25000000, "grossProfit": 3325000000, "otherExpenses": 0.0, "incomeBeforeTax": 1512000000, "operatingExpenses": 1874000000, "generalAndAdministrativeExpenses": 1874000000, "netIncome": 1127000000, "symbol": "KO", "weightedAverageShsOut": 2450000000, "period": "Q1", "link": "https://www.sec.gov/Archives/edgar/data/21344/000104746904014222/0001047469-04-014222-index.htm", "date": "2004-03-31", "netIncomeRatio": 0.22193777077589602, "grossProfitRatio": 0.6547853485624262, "interestExpense": -44000000, "eps": 0.46, "epsdiluted": 0.46, "depreciationAndAmortization": 0.0, "costOfRevenue": 1753000000, "operatingIncomeRatio": 0.28574241827491137, "operatingIncome": 1451000000}]