[{"finalLink": "https://www.sec.gov/Archives/edgar/data/1564408/000156459020017775/snap-10q_20200331.htm", "sellingAndMarketingExpenses": 122205000, "revenue": 462478000, "researchAndDevelopmentExpenses": 238613000, "acceptedDate": "2020-04-21 20:37:43", "fillingDate": "2020-04-22", "weightedAverageShsOutDil": 1426305000, "costAndExpenses": 748842000, "ebitda": -272510000, "ebitdaratio": -0.5892388394691207, "incomeBeforeTaxRatio": -0.6600897772434581, "incomeTaxExpense": 700000.0, "totalOtherIncomeExpensesNet": -12389000, "grossProfit": 209068000, "otherExpenses": -12389000, "incomeBeforeTax": -305277000, "operatingExpenses": 495432000, "generalAndAdministrativeExpenses": 134614000, "netIncome": -305936000, "symbol": "SNAP", "weightedAverageShsOut": 1426305000, "period": "Q1", "link": "https://www.sec.gov/Archives/edgar/data/1564408/000156459020017775/0001564590-20-017775-index.htm", "date": "2020-03-31", "netIncomeRatio": -0.6615147098889028, "grossProfitRatio": 0.4520604223336029, "interestExpense": 15113000, "eps": -0.21, "epsdiluted": -0.21, "depreciationAndAmortization": 32767000, "costOfRevenue": 253410000, "operatingIncomeRatio": -0.6600897772434581, "operatingIncome": -305277000}, {"finalLink": "https://www.sec.gov/Archives/edgar/data/1564408/000156459020003323/snap-10k_20191231.htm", "sellingAndMarketingExpenses": 125972000, "revenue": 560888000, "researchAndDevelopmentExpenses": 219526000, "acceptedDate": "2020-02-04 20:14:00", "fillingDate": "2020-02-05", "weightedAverageShsOutDil": 1375462000, "costAndExpenses": 814484000, "ebitda": -208367000, "ebitdaratio": -0.3714948438904024, "incomeBeforeTaxRatio": -0.42855614668169045, "incomeTaxExpense": 300000.0, "totalOtherIncomeExpensesNet": 17536000, "grossProfit": 307449000, "otherExpenses": 17536000, "incomeBeforeTax": -240372000, "operatingExpenses": 561045000, "generalAndAdministrativeExpenses": 215547000, "netIncome": -240704000, "symbol": "SNAP", "weightedAverageShsOut": 1375462000, "period": "FY", "link": "https://www.sec.gov/Archives/edgar/data/1564408/000156459020003323/0001564590-20-003323-index.htm", "date": "2019-12-31", "netIncomeRatio": -0.4291480652108799, "grossProfitRatio": 0.5481468671107245, "interestExpense": 14775000, "eps": -0.17, "epsdiluted": -0.17, "depreciationAndAmortization": 32005000, "costOfRevenue": 253439000, "operatingIncomeRatio": -0.42855614668169045, "operatingIncome": -240372000}, {"finalLink": "https://www.sec.gov/Archives/edgar/data/1564408/000156459019037449/snap-10q_20190930.htm", "sellingAndMarketingExpenses": 123240000, "revenue": 446199000, "researchAndDevelopmentExpenses": 211599000, "acceptedDate": "2019-10-22 19:59:26", "fillingDate": "2019-10-23", "weightedAverageShsOutDil": 1364327000, "costAndExpenses": 675052000, "ebitda": -201613000, "ebitdaratio": -0.4518454770181018, "incomeBeforeTaxRatio": -0.5124865810994645, "incomeTaxExpense": 1296000.0, "totalOtherIncomeExpensesNet": -1481000.0, "grossProfit": 223059000, "otherExpenses": -1481000.0, "incomeBeforeTax": -228671000, "operatingExpenses": 451912000, "generalAndAdministrativeExpenses": 117073000, "netIncome": -227375000, "symbol": "SNAP", "weightedAverageShsOut": 1364327000, "period": "Q3", "link": "https://www.sec.gov/Archives/edgar/data/1564408/000156459019037449/0001564590-19-037449-index.htm", "date": "2019-09-30", "netIncomeRatio": -0.509582047472092, "grossProfitRatio": 0.4999092333241446, "interestExpense": 8654000.0, "eps": -0.16, "epsdiluted": -0.16, "depreciationAndAmortization": 27058000, "costOfRevenue": 223140000, "operatingIncomeRatio": -0.5124865810994645, "operatingIncome": -228671000}, {"finalLink": "https://www.sec.gov/Archives/edgar/data/1564408/000156459019025682/snap-10q_20190630.htm", "sellingAndMarketingExpenses": 111504000, "revenue": 388021000, "researchAndDevelopmentExpenses": 236199000, "acceptedDate": "2019-07-23 19:23:08", "fillingDate": "2019-07-24", "weightedAverageShsOutDil": 1350763000, "costAndExpenses": 692839000, "ebitda": -231436000, "ebitdaratio": -0.5964522538728574, "incomeBeforeTaxRatio": -0.6548511549632623, "incomeTaxExpense": 1121000.0, "totalOtherIncomeExpensesNet": 44085000, "grossProfit": 172529000, "otherExpenses": 44085000, "incomeBeforeTax": -254096000, "operatingExpenses": 477347000, "generalAndAdministrativeExpenses": 129644000, "netIncome": -255174000, "symbol": "SNAP", "weightedAverageShsOut": 1350763000, "period": "Q2", "link": "https://www.sec.gov/Archives/edgar/data/1564408/000156459019025682/0001564590-19-025682-index.htm", "date": "2019-06-30", "netIncomeRatio": -0.6576293551122233, "grossProfitRatio": 0.4446383056587144, "interestExpense": 809000.0, "eps": -0.19, "epsdiluted": -0.19, "depreciationAndAmortization": 22660000, "costOfRevenue": 215492000, "operatingIncomeRatio": -0.6548511549632623, "operatingIncome": -254096000}, {"finalLink": "https://www.sec.gov/Archives/edgar/data/1564408/000156459019012579/snap-10q_20190331.htm", "sellingAndMarketingExpenses": 97882000, "revenue": 320426000, "researchAndDevelopmentExpenses": 216185000, "acceptedDate": "2019-04-23 19:21:18", "fillingDate": "2019-04-24", "weightedAverageShsOutDil": 1340615000, "costAndExpenses": 636487000, "ebitda": -286809000, "ebitdaratio": -0.8950865410422375, "incomeBeforeTaxRatio": -0.96786153433242, "incomeTaxExpense": 279000.0, "totalOtherIncomeExpensesNet": -1127000.0, "grossProfit": 116659000, "otherExpenses": -1127000.0, "incomeBeforeTax": -310128000, "operatingExpenses": 432720000, "generalAndAdministrativeExpenses": 118653000, "netIncome": -310407000, "symbol": "SNAP", "weightedAverageShsOut": 1340615000, "period": "Q1", "link": "https://www.sec.gov/Archives/edgar/data/1564408/000156459019012579/0001564590-19-012579-index.htm", "date": "2019-03-31", "netIncomeRatio": -0.968732250191932, "grossProfitRatio": 0.36407470055488633, "interestExpense": 756000.0, "eps": -0.23, "epsdiluted": -0.23, "depreciationAndAmortization": 23319000, "costOfRevenue": 203767000, "operatingIncomeRatio": -0.96786153433242, "operatingIncome": -310128000}, {"finalLink": "https://www.sec.gov/Archives/edgar/data/1564408/000156459019002053/snap-10k_20181231.htm", "sellingAndMarketingExpenses": 99474000, "revenue": 389822000, "researchAndDevelopmentExpenses": 164443000, "acceptedDate": "2019-02-05 21:29:53", "fillingDate": "2019-02-06", "weightedAverageShsOutDil": 1300568000, "costAndExpenses": 584529000, "ebitda": -169338000, "ebitdaratio": -0.43439826382297564, "incomeBeforeTaxRatio": -0.4925837946549964, "incomeTaxExpense": 352000.0, "totalOtherIncomeExpensesNet": -3715000.0, "grossProfit": 176874000, "otherExpenses": -3715000.0, "incomeBeforeTax": -192020000, "operatingExpenses": 371581000, "generalAndAdministrativeExpenses": 107664000, "netIncome": -191668000, "symbol": "SNAP", "weightedAverageShsOut": 1300568000, "period": "FY", "link": "https://www.sec.gov/Archives/edgar/data/1564408/000156459019002053/0001564590-19-002053-index.htm", "date": "2018-12-31", "netIncomeRatio": -0.49168081842481953, "grossProfitRatio": 0.45373016402358, "interestExpense": 1111000.0, "eps": -0.14, "epsdiluted": -0.14, "depreciationAndAmortization": 22682000, "costOfRevenue": 212948000, "operatingIncomeRatio": -0.4925837946549964, "operatingIncome": -192020000}, {"finalLink": "https://www.sec.gov/Archives/edgar/data/1564408/000156459018025190/snap-10q_20180930.htm", "sellingAndMarketingExpenses": 97552000, "revenue": 297695000, "researchAndDevelopmentExpenses": 203510000, "acceptedDate": "2018-10-25 20:38:13", "fillingDate": "2018-10-26", "weightedAverageShsOutDil": 1277293000, "costAndExpenses": 621066000, "ebitda": -286074000, "ebitdaratio": -0.9609634021397739, "incomeBeforeTaxRatio": -1.0913989149968928, "incomeTaxExpense": 244000.0, "totalOtherIncomeExpensesNet": -7625000.0, "grossProfit": 100141000, "otherExpenses": -7625000.0, "incomeBeforeTax": -324904000, "operatingExpenses": 423512000, "generalAndAdministrativeExpenses": 122450000, "netIncome": -325148000, "symbol": "SNAP", "weightedAverageShsOut": 1277293000, "period": "Q3", "link": "https://www.sec.gov/Archives/edgar/data/1564408/000156459018025190/0001564590-18-025190-index.htm", "date": "2018-09-30", "netIncomeRatio": -1.092218545827105, "grossProfitRatio": 0.33638791380439714, "interestExpense": 919000.0, "eps": -0.25, "epsdiluted": -0.25, "depreciationAndAmortization": 24898000, "costOfRevenue": 197554000, "operatingIncomeRatio": -1.044599338248879, "operatingIncome": -310972000}, {"finalLink": "https://www.sec.gov/Archives/edgar/data/1564408/000156459018020094/snap-10q_20180630.htm", "sellingAndMarketingExpenses": 101685000, "revenue": 262263000, "researchAndDevelopmentExpenses": 203246000, "acceptedDate": "2018-08-07 19:00:57", "fillingDate": "2018-08-08", "weightedAverageShsOutDil": 931936000, "costAndExpenses": 620105000, "ebitda": -335327000, "ebitdaratio": -1.2785905751097182, "incomeBeforeTaxRatio": -1.3430525846192563, "incomeTaxExpense": 1077000.0, "totalOtherIncomeExpensesNet": -61000.0, "grossProfit": 70698000, "otherExpenses": -61000.0, "incomeBeforeTax": -352233000, "operatingExpenses": 428540000, "generalAndAdministrativeExpenses": 123609000, "netIncome": -353310000, "symbol": "SNAP", "weightedAverageShsOut": 931936000, "period": "Q2", "link": "https://www.sec.gov/Archives/edgar/data/1564408/000156459018020094/0001564590-18-020094-index.htm", "date": "2018-06-30", "netIncomeRatio": -1.3471591494034614, "grossProfitRatio": 0.26956909667013645, "interestExpense": 930000.0, "eps": -0.28, "epsdiluted": -0.28, "depreciationAndAmortization": 22515000, "costOfRevenue": 191565000, "operatingIncomeRatio": -1.3644395130079348, "operatingIncome": -357842000}, {"finalLink": "https://www.sec.gov/Archives/edgar/data/1564408/000156459018010080/snap-10q_20180331.htm", "sellingAndMarketingExpenses": 102113000, "revenue": 230666000, "researchAndDevelopmentExpenses": 200986000, "acceptedDate": "2018-05-01 18:56:55", "fillingDate": "2018-05-02", "weightedAverageShsOutDil": 911906000, "costAndExpenses": 623196000, "ebitda": -370977000, "ebitdaratio": -1.60828644013422, "incomeBeforeTaxRatio": -1.665642097231495, "incomeTaxExpense": 1578000.0, "totalOtherIncomeExpensesNet": 3153000.0, "grossProfit": 33868000, "otherExpenses": 3153000.0, "incomeBeforeTax": -384207000, "operatingExpenses": 426398000, "generalAndAdministrativeExpenses": 123299000, "netIncome": -385785000, "symbol": "SNAP", "weightedAverageShsOut": 911906000, "period": "Q1", "link": "https://www.sec.gov/Archives/edgar/data/1564408/000156459018010080/0001564590-18-010080-index.htm", "date": "2018-03-31", "netIncomeRatio": -1.672483157465773, "grossProfitRatio": 0.14682701395090736, "interestExpense": 934000.0, "eps": -0.3, "epsdiluted": -0.3, "depreciationAndAmortization": 21553000, "costOfRevenue": 196798000, "operatingIncomeRatio": -1.701724571458299, "operatingIncome": -392530000}, {"finalLink": "https://www.sec.gov/Archives/edgar/data/1564408/000156459018002721/snap-10k_20171231.htm", "sellingAndMarketingExpenses": 110458000, "revenue": 285693000, "researchAndDevelopmentExpenses": 233838000, "acceptedDate": "2018-02-21 17:44:44", "fillingDate": "2018-02-22", "weightedAverageShsOutDil": 734203000, "costAndExpenses": 646657000, "ebitda": -342178000, "ebitdaratio": -1.1977122295611022, "incomeBeforeTaxRatio": -1.2363516081948105, "incomeTaxExpense": 3240000.0, "totalOtherIncomeExpensesNet": 2553000.0, "grossProfit": 94447000, "otherExpenses": 2553000.0, "incomeBeforeTax": -353217000, "operatingExpenses": 455411000, "generalAndAdministrativeExpenses": 111115000, "netIncome": -349977000, "symbol": "SNAP", "weightedAverageShsOut": 734203000, "period": "FY", "link": "https://www.sec.gov/Archives/edgar/data/1564408/000156459018002721/0001564590-18-002721-index.htm", "date": "2017-12-31", "netIncomeRatio": -1.225010763301866, "grossProfitRatio": 0.33058912889010234, "interestExpense": 876000.0, "eps": -0.24, "epsdiluted": -0.24, "depreciationAndAmortization": 18786000, "costOfRevenue": 191246000, "operatingIncomeRatio": -1.263468128375564, "operatingIncome": -360964000}, {"finalLink": "https://www.sec.gov/Archives/edgar/data/1564408/000156459017022434/snap-10q_20170930.htm", "sellingAndMarketingExpenses": 101511000, "revenue": 207937000, "researchAndDevelopmentExpenses": 239442000, "acceptedDate": "2017-11-07 21:21:02", "fillingDate": "2017-11-08", "weightedAverageShsOutDil": 688690000, "costAndExpenses": 669764000, "ebitda": -444360000, "ebitdaratio": -2.136993416275122, "incomeBeforeTaxRatio": -2.1903701601927508, "incomeTaxExpense": 12300000, "totalOtherIncomeExpensesNet": 1002000.0, "grossProfit": -2773000.0, "otherExpenses": 1002000.0, "incomeBeforeTax": -455459000, "operatingExpenses": 459054000, "generalAndAdministrativeExpenses": 118101000, "netIncome": -443159000, "symbol": "SNAP", "weightedAverageShsOut": 688690000, "period": "Q3", "link": "https://www.sec.gov/Archives/edgar/data/1564408/000156459017022434/0001564590-17-022434-index.htm", "date": "2017-09-30", "netIncomeRatio": -2.1312176284162994, "grossProfitRatio": -0.013335769968788623, "interestExpense": 887000.0, "eps": -0.28, "epsdiluted": -0.28, "depreciationAndAmortization": 17467000, "costOfRevenue": 210710000, "operatingIncomeRatio": -2.2209948205466077, "operatingIncome": -461827000}, {"finalLink": "https://www.sec.gov/Archives/edgar/data/1564408/000156459017017303/snap-10q_20170630.htm", "sellingAndMarketingExpenses": 90903000, "revenue": 181671000, "researchAndDevelopmentExpenses": 255735000, "acceptedDate": "2017-08-10 19:59:25", "fillingDate": "2017-08-11", "weightedAverageShsOutDil": 627209000, "costAndExpenses": 630689000, "ebitda": -436433000, "ebitdaratio": -2.402326183045175, "incomeBeforeTaxRatio": -2.4378189144112157, "incomeTaxExpense": 212000.0, "totalOtherIncomeExpensesNet": 786000.0, "grossProfit": 29523000, "otherExpenses": 786000.0, "incomeBeforeTax": -442881000, "operatingExpenses": 478541000, "generalAndAdministrativeExpenses": 131903000, "netIncome": -443093000, "symbol": "SNAP", "weightedAverageShsOut": 627209000, "period": "Q2", "link": "https://www.sec.gov/Archives/edgar/data/1564408/000156459017017303/0001564590-17-017303-index.htm", "date": "2017-06-30", "netIncomeRatio": -2.438985859052903, "grossProfitRatio": 0.16250805026669088, "interestExpense": 998000.0, "eps": -0.12, "epsdiluted": -0.12, "depreciationAndAmortization": 12585000, "costOfRevenue": 152148000, "operatingIncomeRatio": -2.4715997600057245, "operatingIncome": -449018000}, {"finalLink": "processing...", "sellingAndMarketingExpenses": 219733000, "revenue": 149648000, "researchAndDevelopmentExpenses": 805848000, "acceptedDate": null, "fillingDate": null, "weightedAverageShsOutDil": 565980000, "costAndExpenses": 2363415000, "ebitda": -2201317000, "ebitdaratio": -14.7099660537, "incomeBeforeTaxRatio": -14.7803579066, "incomeTaxExpense": -3014000.0, "totalOtherIncomeExpensesNet": 0.0, "grossProfit": -13710000, "otherExpenses": 0.0, "incomeBeforeTax": -2211851000, "operatingExpenses": 2200057000, "generalAndAdministrativeExpenses": 1174476000, "netIncome": -2208837000, "symbol": "SNAP", "weightedAverageShsOut": 565980000, "period": "Q1", "link": null, "date": "2017-03-31", "netIncomeRatio": -14.76021731, "grossProfitRatio": -0.09161498984283117, "interestExpense": 695000.0, "eps": -2.31, "epsdiluted": -2.31, "depreciationAndAmortization": 12450000, "costOfRevenue": 163358000, "operatingIncomeRatio": -14.7931612851, "operatingIncome": -2213767000}]