[{"finalLink": "https://www.sec.gov/Archives/edgar/data/70858/000007085820000023/bac-0331202010xq.htm", "sellingAndMarketingExpenses": 438000000, "revenue": 22767000000, "researchAndDevelopmentExpenses": 0.0, "acceptedDate": "2020-05-01 16:56:46", "fillingDate": "2020-05-01", "weightedAverageShsOutDil": 8815600000, "costAndExpenses": 438000000, "ebitda": 4963000000, "ebitdaratio": 0.21799095181622524, "incomeBeforeTaxRatio": 0.19901611982255019, "incomeTaxExpense": 521000000, "totalOtherIncomeExpensesNet": -491000000, "grossProfit": 22767000000, "otherExpenses": 0.0, "incomeBeforeTax": 4531000000, "operatingExpenses": 438000000, "generalAndAdministrativeExpenses": 0.0, "netIncome": 4010000000, "symbol": "BAC", "weightedAverageShsOut": 8815600000, "period": "Q1", "link": "https://www.sec.gov/Archives/edgar/data/70858/000007085820000023/0000070858-20-000023-index.htm", "date": "2020-03-31", "netIncomeRatio": 0.1761321210524004, "grossProfitRatio": 1.0, "interestExpense": -3968000000, "eps": 0.4, "epsdiluted": 0.4, "depreciationAndAmortization": 432000000, "costOfRevenue": 0.0, "operatingIncomeRatio": 0.19901611982255019, "operatingIncome": 4531000000}, {"finalLink": "https://www.sec.gov/Archives/edgar/data/70858/000007085820000011/bac-1231201910xk.htm", "sellingAndMarketingExpenses": 524000000, "revenue": 22349000000, "researchAndDevelopmentExpenses": 1162000000, "acceptedDate": "2020-02-19 16:18:13", "fillingDate": "2020-02-19", "weightedAverageShsOutDil": 9442900000, "costAndExpenses": 9139000000, "ebitda": 6542000000, "ebitdaratio": 0.2927200322162065, "incomeBeforeTaxRatio": 0.36551971005414113, "incomeTaxExpense": 1175000000, "totalOtherIncomeExpensesNet": -955000000, "grossProfit": 22349000000, "otherExpenses": 0.0, "incomeBeforeTax": 8169000000, "operatingExpenses": 9139000000, "generalAndAdministrativeExpenses": 7977000000, "netIncome": 6994000000, "symbol": "BAC", "weightedAverageShsOut": 9390500000, "period": "FY", "link": "https://www.sec.gov/Archives/edgar/data/70858/000007085820000011/0000070858-20-000011-index.htm", "date": "2019-12-31", "netIncomeRatio": 0.31294465076737216, "grossProfitRatio": 1.0, "interestExpense": 4786000000, "eps": 0.75, "epsdiluted": 0.74, "depreciationAndAmortization": -1627000000, "costOfRevenue": 0.0, "operatingIncomeRatio": 0.36551971005414113, "operatingIncome": 8169000000}, {"finalLink": "https://www.sec.gov/Archives/edgar/data/70858/000007085819000057/bac-930201910xq.htm", "sellingAndMarketingExpenses": 1410000000, "revenue": 22807000000, "researchAndDevelopmentExpenses": 1163000000, "acceptedDate": "2019-10-28 16:37:44", "fillingDate": "2019-10-28", "weightedAverageShsOutDil": 9565700000, "costAndExpenses": 8942000000, "ebitda": 7297000000, "ebitdaratio": 0.319945630727, "incomeBeforeTaxRatio": 0.30074100057, "incomeTaxExpense": 1082000000, "totalOtherIncomeExpensesNet": 1259000000, "grossProfit": 22807000000, "otherExpenses": 0.0, "incomeBeforeTax": 6859000000, "operatingExpenses": 8942000000, "generalAndAdministrativeExpenses": 7779000000, "netIncome": 5777000000, "symbol": "BAC", "weightedAverageShsOut": 9516200000, "period": "Q3", "link": "https://www.sec.gov/Archives/edgar/data/70858/000007085819000057/0000070858-19-000057-index.htm", "date": "2019-09-30", "netIncomeRatio": 0.253299425615, "grossProfitRatio": 1.0, "interestExpense": 5729000000, "eps": 0.57, "epsdiluted": 0.56, "depreciationAndAmortization": 438000000, "costOfRevenue": 0.0, "operatingIncomeRatio": 0.30074100057, "operatingIncome": 6859000000}, {"finalLink": "https://www.sec.gov/Archives/edgar/data/70858/000007085819000042/bac-630201910xq.htm", "sellingAndMarketingExpenses": -442000000, "revenue": 23084000000, "researchAndDevelopmentExpenses": 1157000000, "acceptedDate": "2019-07-29 17:06:39", "fillingDate": "2019-07-29", "weightedAverageShsOutDil": 9672400000, "costAndExpenses": 9129000000, "ebitda": 9393000000, "ebitdaratio": 0.406905215734, "incomeBeforeTaxRatio": 0.388104314677, "incomeTaxExpense": 1611000000, "totalOtherIncomeExpensesNet": -453000000, "grossProfit": 23084000000, "otherExpenses": 0.0, "incomeBeforeTax": 8959000000, "operatingExpenses": 9129000000, "generalAndAdministrativeExpenses": 7972000000, "netIncome": 7348000000, "symbol": "BAC", "weightedAverageShsOut": 9624000000, "period": "Q2", "link": "https://www.sec.gov/Archives/edgar/data/70858/000007085819000042/0000070858-19-000042-index.htm", "date": "2019-06-30", "netIncomeRatio": 0.318315716514, "grossProfitRatio": 1.0, "interestExpense": 6035000000, "eps": 0.74, "epsdiluted": 0.75, "depreciationAndAmortization": 434000000, "costOfRevenue": 0.0, "operatingIncomeRatio": 0.388104314677, "operatingIncome": 8959000000}, {"finalLink": "https://www.sec.gov/Archives/edgar/data/70858/000007085819000026/bac-331201910xq.htm", "sellingAndMarketingExpenses": 442000000, "revenue": 23004000000, "researchAndDevelopmentExpenses": 1164000000, "acceptedDate": "2019-04-26 16:06:36", "fillingDate": "2019-04-26", "weightedAverageShsOutDil": 9787300000, "costAndExpenses": 9413000000, "ebitda": 9185000000, "ebitdaratio": 0.399278386368, "incomeBeforeTaxRatio": 0.381107633455, "incomeTaxExpense": 1456000000, "totalOtherIncomeExpensesNet": 453000000, "grossProfit": 23004000000, "otherExpenses": 0.0, "incomeBeforeTax": 8767000000, "operatingExpenses": 9413000000, "generalAndAdministrativeExpenses": 8249000000, "netIncome": 7311000000, "symbol": "BAC", "weightedAverageShsOut": 9725900000, "period": "Q1", "link": "https://www.sec.gov/Archives/edgar/data/70858/000007085819000026/0000070858-19-000026-index.htm", "date": "2019-03-31", "netIncomeRatio": 0.317814293166, "grossProfitRatio": 1.0, "interestExpense": 5795000000, "eps": 0.71, "epsdiluted": 0.7, "depreciationAndAmortization": 418000000, "costOfRevenue": 0.0, "operatingIncomeRatio": 0.381107633455, "operatingIncome": 8767000000}, {"finalLink": "https://www.sec.gov/Archives/edgar/data/70858/000007085819000012/bac-1231201810xk.htm", "sellingAndMarketingExpenses": 1674000000, "revenue": 22736000000, "researchAndDevelopmentExpenses": 0.0, "acceptedDate": "2019-02-26 16:38:01", "fillingDate": "2019-02-26", "weightedAverageShsOutDil": 10236900000, "costAndExpenses": 7735000000, "ebitda": 10633000000, "ebitdaratio": 0.467672413793, "incomeBeforeTaxRatio": 0.382565095004, "incomeTaxExpense": 1420000000, "totalOtherIncomeExpensesNet": 6247000000, "grossProfit": 22736000000, "otherExpenses": 0.0, "incomeBeforeTax": 8698000000, "operatingExpenses": 7735000000, "generalAndAdministrativeExpenses": 7735000000, "netIncome": 7278000000, "symbol": "BAC", "weightedAverageShsOut": 10096500000, "period": "FY", "link": "https://www.sec.gov/Archives/edgar/data/70858/000007085819000012/0000070858-19-000012-index.htm", "date": "2018-12-31", "netIncomeRatio": 0.320109078114, "grossProfitRatio": 1.0, "interestExpense": 5532000000, "eps": 0.71, "epsdiluted": 0.7, "depreciationAndAmortization": 1935000000, "costOfRevenue": 0.0, "operatingIncomeRatio": 0.382565095004, "operatingIncome": 8698000000}, {"finalLink": "https://www.sec.gov/Archives/edgar/data/70858/000007085818000042/bac-930201810xq.htm", "sellingAndMarketingExpenses": 0.0, "revenue": 22777000000, "researchAndDevelopmentExpenses": 0.0, "acceptedDate": "2018-10-29 16:14:17", "fillingDate": "2018-10-29", "weightedAverageShsOutDil": 10317900000, "costAndExpenses": 7721000000, "ebitda": 9007000000, "ebitdaratio": 0.395442771217, "incomeBeforeTaxRatio": 0.39487202002, "incomeTaxExpense": 1827000000, "totalOtherIncomeExpensesNet": 0.0, "grossProfit": 22777000000, "otherExpenses": 0.0, "incomeBeforeTax": 8994000000, "operatingExpenses": 7721000000, "generalAndAdministrativeExpenses": 7721000000, "netIncome": 7167000000, "symbol": "BAC", "weightedAverageShsOut": 10177500000, "period": "Q3", "link": "https://www.sec.gov/Archives/edgar/data/70858/000007085818000042/0000070858-18-000042-index.htm", "date": "2018-09-30", "netIncomeRatio": 0.314659524959, "grossProfitRatio": 1.0, "interestExpense": 5095000000, "eps": 0.67, "epsdiluted": 0.66, "depreciationAndAmortization": 13000000, "costOfRevenue": 0.0, "operatingIncomeRatio": 0.39487202002, "operatingIncome": 8994000000}, {"finalLink": "https://www.sec.gov/Archives/edgar/data/70858/000007085818000030/bac-630201810xq.htm", "sellingAndMarketingExpenses": -345000000, "revenue": 22609000000, "researchAndDevelopmentExpenses": 0.0, "acceptedDate": "2018-07-30 16:31:01", "fillingDate": "2018-07-30", "weightedAverageShsOutDil": 10389900000, "costAndExpenses": 7944000000, "ebitda": 8577000000, "ebitdaratio": 0.379362200893, "incomeBeforeTaxRatio": 0.375868017161, "incomeTaxExpense": 1714000000, "totalOtherIncomeExpensesNet": -1414000000, "grossProfit": 22609000000, "otherExpenses": 0.0, "incomeBeforeTax": 8498000000, "operatingExpenses": 7944000000, "generalAndAdministrativeExpenses": 7944000000, "netIncome": 6784000000, "symbol": "BAC", "weightedAverageShsOut": 10251700000, "period": "Q2", "link": "https://www.sec.gov/Archives/edgar/data/70858/000007085818000030/0000070858-18-000030-index.htm", "date": "2018-06-30", "netIncomeRatio": 0.300057499226, "grossProfitRatio": 1.0, "interestExpense": 4719000000, "eps": 0.63, "epsdiluted": 0.63, "depreciationAndAmortization": 79000000, "costOfRevenue": 0.0, "operatingIncomeRatio": 0.375868017161, "operatingIncome": 8498000000}, {"finalLink": "https://www.sec.gov/Archives/edgar/data/70858/000007085818000020/bac-331201810xq.htm", "sellingAndMarketingExpenses": 345000000, "revenue": 23125000000, "researchAndDevelopmentExpenses": 0.0, "acceptedDate": "2018-04-30 16:44:02", "fillingDate": "2018-04-30", "weightedAverageShsOutDil": 10472700000, "costAndExpenses": 8480000000, "ebitda": 8430000000, "ebitdaratio": 0.364540540541, "incomeBeforeTaxRatio": 0.362983783784, "incomeTaxExpense": 1476000000, "totalOtherIncomeExpensesNet": 1414000000, "grossProfit": 23125000000, "otherExpenses": 0.0, "incomeBeforeTax": 8394000000, "operatingExpenses": 8480000000, "generalAndAdministrativeExpenses": 8480000000, "netIncome": 6918000000, "symbol": "BAC", "weightedAverageShsOut": 10322400000, "period": "Q1", "link": "https://www.sec.gov/Archives/edgar/data/70858/000007085818000020/0000070858-18-000020-index.htm", "date": "2018-03-31", "netIncomeRatio": 0.299156756757, "grossProfitRatio": 1.0, "interestExpense": 3991000000, "eps": 0.63, "epsdiluted": 0.62, "depreciationAndAmortization": 36000000, "costOfRevenue": 0.0, "operatingIncomeRatio": 0.362983783784, "operatingIncome": 8394000000}, {"finalLink": "https://www.sec.gov/Archives/edgar/data/70858/000007085818000009/bac-1231201710xk.htm", "sellingAndMarketingExpenses": 1746000000, "revenue": 20436000000, "researchAndDevelopmentExpenses": 0.0, "acceptedDate": "2018-02-22 16:10:05", "fillingDate": "2018-02-22", "weightedAverageShsOutDil": 10778428000, "costAndExpenses": 6816000000, "ebitda": 6316000000, "ebitdaratio": 0.309062438833, "incomeBeforeTaxRatio": 0.313417498532, "incomeTaxExpense": 3885000000, "totalOtherIncomeExpensesNet": 3951000000, "grossProfit": 20436000000, "otherExpenses": 0.0, "incomeBeforeTax": 6405000000, "operatingExpenses": 6816000000, "generalAndAdministrativeExpenses": 7289000000, "netIncome": 2520000000, "symbol": "BAC", "weightedAverageShsOut": 10195646000, "period": "FY", "link": "https://www.sec.gov/Archives/edgar/data/70858/000007085818000009/0000070858-18-000009-index.htm", "date": "2017-12-31", "netIncomeRatio": 0.123311802701, "grossProfitRatio": 1.0, "interestExpense": 3604000000, "eps": 0.21, "epsdiluted": 0.21, "depreciationAndAmortization": -89000000, "costOfRevenue": 0.0, "operatingIncomeRatio": 0.313417498532, "operatingIncome": 6405000000}, {"finalLink": "https://www.sec.gov/Archives/edgar/data/70858/000007085817000046/bac-930201710xq.htm", "sellingAndMarketingExpenses": 0.0, "revenue": 21839000000, "researchAndDevelopmentExpenses": 0.0, "acceptedDate": "2017-10-30 16:05:41", "fillingDate": "2017-10-30", "weightedAverageShsOutDil": 10820425000, "costAndExpenses": 7634000000, "ebitda": 7807000000, "ebitdaratio": 0.357479738083, "incomeBeforeTaxRatio": 0.360181326984, "incomeTaxExpense": 2279000000, "totalOtherIncomeExpensesNet": 72000000, "grossProfit": 21839000000, "otherExpenses": 0.0, "incomeBeforeTax": 7866000000, "operatingExpenses": 7634000000, "generalAndAdministrativeExpenses": 7483000000, "netIncome": 5587000000, "symbol": "BAC", "weightedAverageShsOut": 10103386000, "period": "Q3", "link": "https://www.sec.gov/Archives/edgar/data/70858/000007085817000046/0000070858-17-000046-index.htm", "date": "2017-09-30", "netIncomeRatio": 0.255826731993, "grossProfitRatio": 1.0, "interestExpense": 3496000000, "eps": 0.5, "epsdiluted": 0.48, "depreciationAndAmortization": -59000000, "costOfRevenue": 0.0, "operatingIncomeRatio": 0.360181326984, "operatingIncome": 7866000000}, {"finalLink": "https://www.sec.gov/Archives/edgar/data/70858/000007085817000037/bac-630201710xq.htm", "sellingAndMarketingExpenses": 0.0, "revenue": 22829000000, "researchAndDevelopmentExpenses": 0.0, "acceptedDate": "2017-07-31 16:04:22", "fillingDate": "2017-07-31", "weightedAverageShsOutDil": 10868431000, "costAndExpenses": 7872000000, "ebitda": 8387000000, "ebitdaratio": 0.367383591046, "incomeBeforeTaxRatio": 0.366945551711, "incomeTaxExpense": 3108000000, "totalOtherIncomeExpensesNet": 289000000, "grossProfit": 22829000000, "otherExpenses": 0.0, "incomeBeforeTax": 8377000000, "operatingExpenses": 7872000000, "generalAndAdministrativeExpenses": 7712000000, "netIncome": 5269000000, "symbol": "BAC", "weightedAverageShsOut": 10056111000, "period": "Q2", "link": "https://www.sec.gov/Archives/edgar/data/70858/000007085817000037/0000070858-17-000037-index.htm", "date": "2017-06-30", "netIncomeRatio": 0.230802926103, "grossProfitRatio": 1.0, "interestExpense": 3160000000, "eps": 0.49, "epsdiluted": 0.46, "depreciationAndAmortization": 10000000, "costOfRevenue": 0.0, "operatingIncomeRatio": 0.366945551711, "operatingIncome": 8377000000}, {"finalLink": "https://www.sec.gov/Archives/edgar/data/70858/000007085817000025/bac-331201710xq.htm", "sellingAndMarketingExpenses": 332000000, "revenue": 22248000000, "researchAndDevelopmentExpenses": 0.0, "acceptedDate": "2017-05-02 16:06:33", "fillingDate": "2017-05-02", "weightedAverageShsOutDil": 10914815000, "costAndExpenses": 9320000000, "ebitda": 6555000000, "ebitdaratio": 0.294633225458, "incomeBeforeTaxRatio": 0.295082704063, "incomeTaxExpense": 1709000000, "totalOtherIncomeExpensesNet": 900000000, "grossProfit": 22248000000, "otherExpenses": 0.0, "incomeBeforeTax": 6565000000, "operatingExpenses": 9320000000, "generalAndAdministrativeExpenses": 9158000000, "netIncome": 4856000000, "symbol": "BAC", "weightedAverageShsOut": 10099557000, "period": "Q1", "link": "https://www.sec.gov/Archives/edgar/data/70858/000007085817000025/0000070858-17-000025-index.htm", "date": "2017-03-31", "netIncomeRatio": 0.2182668105, "grossProfitRatio": 1.0, "interestExpense": 2652000000, "eps": 0.43, "epsdiluted": 0.41, "depreciationAndAmortization": -10000000, "costOfRevenue": 0.0, "operatingIncomeRatio": 0.295082704063, "operatingIncome": 6565000000}, {"finalLink": "https://www.sec.gov/Archives/edgar/data/70858/000007085817000013/bac-1231201610xk.htm", "sellingAndMarketingExpenses": 460000000, "revenue": 19990000000, "researchAndDevelopmentExpenses": 0.0, "acceptedDate": "2017-02-23 16:11:19", "fillingDate": "2017-02-23", "weightedAverageShsOutDil": 11035657000, "costAndExpenses": 6784000000, "ebitda": 5673000000, "ebitdaratio": 0.283791895948, "incomeBeforeTaxRatio": 0.302901450725, "incomeTaxExpense": 1359000000, "totalOtherIncomeExpensesNet": 821000000, "grossProfit": 19990000000, "otherExpenses": 0.0, "incomeBeforeTax": 6055000000, "operatingExpenses": 6784000000, "generalAndAdministrativeExpenses": 7338000000, "netIncome": 4696000000, "symbol": "BAC", "weightedAverageShsOut": 10284147000, "period": "FY", "link": "https://www.sec.gov/Archives/edgar/data/70858/000007085817000013/0000070858-17-000013-index.htm", "date": "2016-12-31", "netIncomeRatio": 0.234917458729, "grossProfitRatio": 1.0, "interestExpense": 2573000000, "eps": 0.43, "epsdiluted": 0.4, "depreciationAndAmortization": -382000000, "costOfRevenue": 0.0, "operatingIncomeRatio": 0.302901450725, "operatingIncome": 6055000000}, {"finalLink": "https://www.sec.gov/Archives/edgar/data/70858/000007085816000222/bac-930201610xq.htm", "sellingAndMarketingExpenses": 410000000, "revenue": 23801000000, "researchAndDevelopmentExpenses": 0.0, "acceptedDate": "2016-11-01 16:08:05", "fillingDate": "2016-11-01", "weightedAverageShsOutDil": 11046807000, "costAndExpenses": 7885000000, "ebitda": 11487000000, "ebitdaratio": 0.482626780387, "incomeBeforeTaxRatio": 0.397882441914, "incomeTaxExpense": 3172000000, "totalOtherIncomeExpensesNet": 765000000, "grossProfit": 23801000000, "otherExpenses": 0.0, "incomeBeforeTax": 9470000000, "operatingExpenses": 7885000000, "generalAndAdministrativeExpenses": 7704000000, "netIncome": 6298000000, "symbol": "BAC", "weightedAverageShsOut": 10312878000, "period": "Q3", "link": "https://www.sec.gov/Archives/edgar/data/70858/000007085816000222/0000070858-16-000222-index.htm", "date": "2016-09-30", "netIncomeRatio": 0.264610730642, "grossProfitRatio": 1.0, "interestExpense": 2409000000, "eps": 0.56, "epsdiluted": 0.54, "depreciationAndAmortization": 2017000000, "costOfRevenue": 0.0, "operatingIncomeRatio": 0.397882441914, "operatingIncome": 9470000000}, {"finalLink": "https://www.sec.gov/Archives/edgar/data/70858/000007085816000200/bac-630201610xq.htm", "sellingAndMarketingExpenses": 414000000, "revenue": 20398000000, "researchAndDevelopmentExpenses": 0.0, "acceptedDate": "2016-08-01 16:49:01", "fillingDate": "2016-08-01", "weightedAverageShsOutDil": 11079939000, "costAndExpenses": 7908000000, "ebitda": 4637000000, "ebitdaratio": 0.227326208452, "incomeBeforeTaxRatio": 0.290665751544, "incomeTaxExpense": 1697000000, "totalOtherIncomeExpensesNet": 759000000, "grossProfit": 20398000000, "otherExpenses": 0.0, "incomeBeforeTax": 5929000000, "operatingExpenses": 7908000000, "generalAndAdministrativeExpenses": 7722000000, "netIncome": 4232000000, "symbol": "BAC", "weightedAverageShsOut": 10296652000, "period": "Q2", "link": "https://www.sec.gov/Archives/edgar/data/70858/000007085816000200/0000070858-16-000200-index.htm", "date": "2016-06-30", "netIncomeRatio": 0.207471320718, "grossProfitRatio": 1.0, "interestExpense": 2455000000, "eps": 0.38, "epsdiluted": 0.35, "depreciationAndAmortization": -1292000000, "costOfRevenue": 0.0, "operatingIncomeRatio": 0.290665751544, "operatingIncome": 5929000000}, {"finalLink": "https://www.sec.gov/Archives/edgar/data/70858/000007085816000166/bac-331201610xq.htm", "sellingAndMarketingExpenses": 419000000, "revenue": 19512000000, "researchAndDevelopmentExpenses": 0.0, "acceptedDate": "2016-05-02 16:10:57", "fillingDate": "2016-05-02", "weightedAverageShsOutDil": 11100067000, "costAndExpenses": 9039000000, "ebitda": 2463000000, "ebitdaratio": 0.1262300123, "incomeBeforeTaxRatio": 0.189575645756, "incomeTaxExpense": 1019000000, "totalOtherIncomeExpensesNet": 776000000, "grossProfit": 19512000000, "otherExpenses": 0.0, "incomeBeforeTax": 3699000000, "operatingExpenses": 9039000000, "generalAndAdministrativeExpenses": 8852000000, "netIncome": 2680000000, "symbol": "BAC", "weightedAverageShsOut": 10339731000, "period": "Q1", "link": "https://www.sec.gov/Archives/edgar/data/70858/000007085816000166/0000070858-16-000166-index.htm", "date": "2016-03-31", "netIncomeRatio": 0.137351373514, "grossProfitRatio": 1.0, "interestExpense": 2524000000, "eps": 0.21, "epsdiluted": 0.21, "depreciationAndAmortization": -1236000000, "costOfRevenue": 0.0, "operatingIncomeRatio": 0.189575645756, "operatingIncome": 3699000000}, {"finalLink": "https://www.sec.gov/Archives/edgar/data/70858/000007085816000137/bac-1231201510xk.htm", "sellingAndMarketingExpenses": -1330000000, "revenue": 18506000000, "researchAndDevelopmentExpenses": 0.0, "acceptedDate": "2016-02-24 16:47:44", "fillingDate": "2016-02-24", "weightedAverageShsOutDil": 11213992000, "costAndExpenses": 6903000000, "ebitda": 3303000000, "ebitdaratio": 0.178482654274, "incomeBeforeTaxRatio": 0.206635685724, "incomeTaxExpense": 1121000000, "totalOtherIncomeExpensesNet": -2222000000, "grossProfit": 18506000000, "otherExpenses": 57192000000, "incomeBeforeTax": 3824000000, "operatingExpenses": 6903000000, "generalAndAdministrativeExpenses": 7535000000, "netIncome": 2703000000, "symbol": "BAC", "weightedAverageShsOut": 10462282000, "period": "FY", "link": "https://www.sec.gov/Archives/edgar/data/70858/000007085816000137/0000070858-16-000137-index.htm", "date": "2015-12-31", "netIncomeRatio": 0.146060737058, "grossProfitRatio": 1.0, "interestExpense": 2897000000, "eps": 0.23, "epsdiluted": 0.22, "depreciationAndAmortization": -521000000, "costOfRevenue": 0.0, "operatingIncomeRatio": 0.206635685724, "operatingIncome": 3824000000}, {"finalLink": "https://www.sec.gov/Archives/edgar/data/70858/000007085815000103/bac-930201510xq.htm", "sellingAndMarketingExpenses": 445000000, "revenue": 20682000000, "researchAndDevelopmentExpenses": 0.0, "acceptedDate": "2015-10-30 16:57:30", "fillingDate": "2015-10-30", "weightedAverageShsOutDil": 11234125000, "costAndExpenses": 8036000000, "ebitda": 5771000000, "ebitdaratio": 0.279034909583, "incomeBeforeTaxRatio": 0.293443574122, "incomeTaxExpense": 1561000000, "totalOtherIncomeExpensesNet": 754000000, "grossProfit": 20682000000, "otherExpenses": 0.0, "incomeBeforeTax": 6069000000, "operatingExpenses": 8036000000, "generalAndAdministrativeExpenses": 7829000000, "netIncome": 4508000000, "symbol": "BAC", "weightedAverageShsOut": 10483466000, "period": "Q3", "link": "https://www.sec.gov/Archives/edgar/data/70858/000007085815000103/0000070858-15-000103-index.htm", "date": "2015-09-30", "netIncomeRatio": 0.217967314573, "grossProfitRatio": 1.0, "interestExpense": 2496000000, "eps": 0.39, "epsdiluted": 0.37, "depreciationAndAmortization": -298000000, "costOfRevenue": 0.0, "operatingIncomeRatio": 0.293443574122, "operatingIncome": 6069000000}, {"finalLink": "https://www.sec.gov/Archives/edgar/data/70858/000007085815000078/bac-630201510xq.htm", "sellingAndMarketingExpenses": 445000000, "revenue": 22117000000, "researchAndDevelopmentExpenses": 0.0, "acceptedDate": "2015-07-29 16:09:58", "fillingDate": "2015-07-29", "weightedAverageShsOutDil": 11252417000, "costAndExpenses": 8102000000, "ebitda": 8625000000, "ebitdaratio": 0.389971515124, "incomeBeforeTaxRatio": 0.339964733011, "incomeTaxExpense": 2199000000, "totalOtherIncomeExpensesNet": 742000000, "grossProfit": 22117000000, "otherExpenses": 0.0, "incomeBeforeTax": 7519000000, "operatingExpenses": 8102000000, "generalAndAdministrativeExpenses": 7890000000, "netIncome": 5320000000, "symbol": "BAC", "weightedAverageShsOut": 10503379000, "period": "Q2", "link": "https://www.sec.gov/Archives/edgar/data/70858/000007085815000078/0000070858-15-000078-index.htm", "date": "2015-06-30", "netIncomeRatio": 0.240538951937, "grossProfitRatio": 1.0, "interestExpense": 2644000000, "eps": 0.48, "epsdiluted": 0.45, "depreciationAndAmortization": 1106000000, "costOfRevenue": 0.0, "operatingIncomeRatio": 0.339964733011, "operatingIncome": 7519000000}, {"finalLink": "https://www.sec.gov/Archives/edgar/data/70858/000007085815000048/bac-331201510xq.htm", "sellingAndMarketingExpenses": 440000000, "revenue": 21202000000, "researchAndDevelopmentExpenses": 0.0, "acceptedDate": "2015-04-29 16:14:38", "fillingDate": "2015-04-29", "weightedAverageShsOutDil": 11266511000, "costAndExpenses": 9827000000, "ebitda": 4372000000, "ebitdaratio": 0.206206961607, "incomeBeforeTaxRatio": 0.223658145458, "incomeTaxExpense": 1385000000, "totalOtherIncomeExpensesNet": 726000000, "grossProfit": 21202000000, "otherExpenses": 0.0, "incomeBeforeTax": 4742000000, "operatingExpenses": 9827000000, "generalAndAdministrativeExpenses": 9614000000, "netIncome": 3357000000, "symbol": "BAC", "weightedAverageShsOut": 10518790000, "period": "Q1", "link": "https://www.sec.gov/Archives/edgar/data/70858/000007085815000048/0000070858-15-000048-index.htm", "date": "2015-03-31", "netIncomeRatio": 0.158334119423, "grossProfitRatio": 1.0, "interestExpense": 2512000000, "eps": 0.28, "epsdiluted": 0.27, "depreciationAndAmortization": -370000000, "costOfRevenue": 0.0, "operatingIncomeRatio": 0.223658145458, "operatingIncome": 4742000000}, {"finalLink": "https://www.sec.gov/Archives/edgar/data/70858/000007085815000008/bac-12312014x10k.htm", "sellingAndMarketingExpenses": 491000000, "revenue": 18725000000, "researchAndDevelopmentExpenses": 0.0, "acceptedDate": "2015-02-25 16:06:24", "fillingDate": "2015-02-25", "weightedAverageShsOutDil": 10584535000, "costAndExpenses": 6985000000, "ebitda": 2264000000, "ebitdaratio": 0.12090787717, "incomeBeforeTaxRatio": 0.230173564753, "incomeTaxExpense": 1260000000, "totalOtherIncomeExpensesNet": 764000000, "grossProfit": 18725000000, "otherExpenses": 0.0, "incomeBeforeTax": 4310000000, "operatingExpenses": 6985000000, "generalAndAdministrativeExpenses": 7693000000, "netIncome": 3050000000, "symbol": "BAC", "weightedAverageShsOut": 10527818000, "period": "FY", "link": "https://www.sec.gov/Archives/edgar/data/70858/000007085815000008/0000070858-15-000008-index.htm", "date": "2014-12-31", "netIncomeRatio": 0.162883845127, "grossProfitRatio": 1.0, "interestExpense": 2517000000, "eps": 0.26, "epsdiluted": 0.26, "depreciationAndAmortization": -2046000000, "costOfRevenue": 0.0, "operatingIncomeRatio": 0.230173564753, "operatingIncome": 4310000000}, {"finalLink": "https://www.sec.gov/Archives/edgar/data/70858/000007085814000139/bac-9302014x10q.htm", "sellingAndMarketingExpenses": 446000000, "revenue": 21209000000, "researchAndDevelopmentExpenses": 0.0, "acceptedDate": "2014-11-06 16:39:42", "fillingDate": "2014-11-06", "weightedAverageShsOutDil": 10587841000, "costAndExpenses": 8273000000, "ebitda": 1056000000, "ebitdaratio": 0.0497901834127, "incomeBeforeTaxRatio": 0.0203215616012, "incomeTaxExpense": 663000000, "totalOtherIncomeExpensesNet": 748000000, "grossProfit": 21209000000, "otherExpenses": 0.0, "incomeBeforeTax": 431000000, "operatingExpenses": 8273000000, "generalAndAdministrativeExpenses": 8039000000, "netIncome": -232000000, "symbol": "BAC", "weightedAverageShsOut": 10531688000, "period": "Q3", "link": "https://www.sec.gov/Archives/edgar/data/70858/000007085814000139/0000070858-14-000139-index.htm", "date": "2014-09-30", "netIncomeRatio": -0.010938752416426988, "grossProfitRatio": 1.0, "interestExpense": 2639000000, "eps": -0.04, "epsdiluted": -0.04, "depreciationAndAmortization": 625000000, "costOfRevenue": 0.0, "operatingIncomeRatio": 0.0203215616012, "operatingIncome": 431000000}, {"finalLink": "https://www.sec.gov/Archives/edgar/data/70858/000007085814000088/bac-6302014x10q.htm", "sellingAndMarketingExpenses": 450000000, "revenue": 21747000000, "researchAndDevelopmentExpenses": 0.0, "acceptedDate": "2014-07-29 16:34:39", "fillingDate": "2014-07-29", "weightedAverageShsOutDil": 10599641000, "costAndExpenses": 8541000000, "ebitda": 3421000000, "ebitdaratio": 0.157309054122, "incomeBeforeTaxRatio": 0.128523474502, "incomeTaxExpense": 504000000, "totalOtherIncomeExpensesNet": 710000000, "grossProfit": 21747000000, "otherExpenses": 0.0, "incomeBeforeTax": 2795000000, "operatingExpenses": 8541000000, "generalAndAdministrativeExpenses": 8306000000, "netIncome": 2291000000, "symbol": "BAC", "weightedAverageShsOut": 10539769000, "period": "Q2", "link": "https://www.sec.gov/Archives/edgar/data/70858/000007085814000088/0000070858-14-000088-index.htm", "date": "2014-06-30", "netIncomeRatio": 0.105347864073, "grossProfitRatio": 1.0, "interestExpense": 2928000000, "eps": 0.19, "epsdiluted": 0.19, "depreciationAndAmortization": 626000000, "costOfRevenue": 0.0, "operatingIncomeRatio": 0.128523474502, "operatingIncome": 2795000000}, {"finalLink": "https://www.sec.gov/Archives/edgar/data/70858/000007085814000056/bac-3312014x10q.htm", "sellingAndMarketingExpenses": 442000000, "revenue": 22566000000, "researchAndDevelopmentExpenses": 0.0, "acceptedDate": "2014-05-01 17:15:24", "fillingDate": "2014-05-01", "weightedAverageShsOutDil": 10560518000, "costAndExpenses": 9988000000, "ebitda": -52000000, "ebitdaratio": -0.0023043516795178587, "incomeBeforeTaxRatio": -0.03017814411060888, "incomeTaxExpense": -405000000, "totalOtherIncomeExpensesNet": 736000000, "grossProfit": 22566000000, "otherExpenses": 0.0, "incomeBeforeTax": -681000000, "operatingExpenses": 9988000000, "generalAndAdministrativeExpenses": 9749000000, "netIncome": -276000000, "symbol": "BAC", "weightedAverageShsOut": 10560518000, "period": "Q1", "link": "https://www.sec.gov/Archives/edgar/data/70858/000007085814000056/0000070858-14-000056-index.htm", "date": "2014-03-31", "netIncomeRatio": -0.012230789683594789, "grossProfitRatio": 1.0, "interestExpense": 2850000000, "eps": -0.05, "epsdiluted": -0.05, "depreciationAndAmortization": 629000000, "costOfRevenue": 0.0, "operatingIncomeRatio": -0.03017814411060888, "operatingIncome": -681000000}, {"finalLink": "https://www.sec.gov/Archives/edgar/data/70858/000007085814000012/bac-12312013x10k.htm", "sellingAndMarketingExpenses": 457000000, "revenue": 21488000000, "researchAndDevelopmentExpenses": 0.0, "acceptedDate": "2014-02-25 16:07:46", "fillingDate": "2014-02-25", "weightedAverageShsOutDil": 11491418000, "costAndExpenses": 8253000000, "ebitda": 8842000000, "ebitdaratio": 0.411485480268, "incomeBeforeTaxRatio": 0.178937081162, "incomeTaxExpense": 406000000, "totalOtherIncomeExpensesNet": 736000000, "grossProfit": 21488000000, "otherExpenses": 0.0, "incomeBeforeTax": 3845000000, "operatingExpenses": 8253000000, "generalAndAdministrativeExpenses": 7987000000, "netIncome": 3439000000, "symbol": "BAC", "weightedAverageShsOut": 10731165000, "period": "FY", "link": "https://www.sec.gov/Archives/edgar/data/70858/000007085814000012/0000070858-14-000012-index.htm", "date": "2013-12-31", "netIncomeRatio": 0.160042814594, "grossProfitRatio": 1.0, "interestExpense": 2926000000, "eps": 0.3, "epsdiluted": 0.28, "depreciationAndAmortization": 662000000, "costOfRevenue": 0.0, "operatingIncomeRatio": 0.380677587491, "operatingIncome": 8180000000}, {"finalLink": "https://www.sec.gov/Archives/edgar/data/70858/000007085813000248/bac-9302013x10q.htm", "sellingAndMarketingExpenses": 511000000, "revenue": 21530000000, "researchAndDevelopmentExpenses": 0.0, "acceptedDate": "2013-10-30 17:27:04", "fillingDate": "2013-10-30", "weightedAverageShsOutDil": 11523649000, "costAndExpenses": 8580000000, "ebitda": 3155000000, "ebitdaratio": 0.14653971203, "incomeBeforeTaxRatio": 0.225034835114, "incomeTaxExpense": 2348000000, "totalOtherIncomeExpensesNet": 691000000, "grossProfit": 21530000000, "otherExpenses": 0.0, "incomeBeforeTax": 4845000000, "operatingExpenses": 8580000000, "generalAndAdministrativeExpenses": 8310000000, "netIncome": 2497000000, "symbol": "BAC", "weightedAverageShsOut": 10764216000, "period": "Q3", "link": "https://www.sec.gov/Archives/edgar/data/70858/000007085813000248/0000070858-13-000248-index.htm", "date": "2013-09-30", "netIncomeRatio": 0.115977705527, "grossProfitRatio": 1.0, "interestExpense": 3116000000, "eps": 0.21, "epsdiluted": 0.2, "depreciationAndAmortization": 658000000, "costOfRevenue": 0.0, "operatingIncomeRatio": 0.115977705527, "operatingIncome": 2497000000}, {"finalLink": "https://www.sec.gov/Archives/edgar/data/70858/000007085813000216/bac-6302013x10q.htm", "sellingAndMarketingExpenses": 437000000, "revenue": 22727000000, "researchAndDevelopmentExpenses": 0.0, "acceptedDate": "2013-08-01 16:30:20", "fillingDate": "2013-08-01", "weightedAverageShsOutDil": 11549693000, "costAndExpenses": 8805000000, "ebitda": 4688000000, "ebitdaratio": 0.206274475294, "incomeBeforeTaxRatio": 0.241914902979, "incomeTaxExpense": 1486000000, "totalOtherIncomeExpensesNet": 717000000, "grossProfit": 22727000000, "otherExpenses": 0.0, "incomeBeforeTax": 5498000000, "operatingExpenses": 8805000000, "generalAndAdministrativeExpenses": 8531000000, "netIncome": 4012000000, "symbol": "BAC", "weightedAverageShsOut": 10787357000, "period": "Q2", "link": "https://www.sec.gov/Archives/edgar/data/70858/000007085813000216/0000070858-13-000216-index.htm", "date": "2013-06-30", "netIncomeRatio": 0.176530118361, "grossProfitRatio": 1.0, "interestExpense": 3276000000, "eps": 0.33, "epsdiluted": 0.32, "depreciationAndAmortization": 676000000, "costOfRevenue": 0.0, "operatingIncomeRatio": 0.176530118361, "operatingIncome": 4012000000}, {"finalLink": "https://www.sec.gov/Archives/edgar/data/70858/000007085813000147/bac-3312013x10q.htm", "sellingAndMarketingExpenses": 429000000, "revenue": 23197000000, "researchAndDevelopmentExpenses": 0.0, "acceptedDate": "2013-05-07 17:12:00", "fillingDate": "2013-05-07", "weightedAverageShsOutDil": 11154778000, "costAndExpenses": 10167000000, "ebitda": 2170000000, "ebitdaratio": 0.093546579299, "incomeBeforeTaxRatio": 0.08552830107341466, "incomeTaxExpense": 501000000, "totalOtherIncomeExpensesNet": 722000000, "grossProfit": 23197000000, "otherExpenses": 0.0, "incomeBeforeTax": 1984000000, "operatingExpenses": 10167000000, "generalAndAdministrativeExpenses": 9891000000, "netIncome": 1483000000, "symbol": "BAC", "weightedAverageShsOut": 10798975000, "period": "Q1", "link": "https://www.sec.gov/Archives/edgar/data/70858/000007085813000147/0000070858-13-000147-index.htm", "date": "2013-03-31", "netIncomeRatio": 0.0639306806915, "grossProfitRatio": 1.0, "interestExpense": 3437000000, "eps": 0.1, "epsdiluted": 0.1, "depreciationAndAmortization": 687000000, "costOfRevenue": 0.0, "operatingIncomeRatio": 0.0639306806915, "operatingIncome": 1483000000}, {"finalLink": "https://www.sec.gov/Archives/edgar/data/70858/000007085813000097/bac-12312012x10k.htm", "sellingAndMarketingExpenses": 480000000, "revenue": 18660000000, "researchAndDevelopmentExpenses": 0.0, "acceptedDate": "2013-02-28 16:03:27", "fillingDate": "2013-02-28", "weightedAverageShsOutDil": 10840854000, "costAndExpenses": 8609000000, "ebitda": -1168000000, "ebitdaratio": -0.06259378349410503, "incomeBeforeTaxRatio": -0.10203644158628082, "incomeTaxExpense": -2636000000, "totalOtherIncomeExpensesNet": 851000000, "grossProfit": 18660000000, "otherExpenses": 0.0, "incomeBeforeTax": -1904000000, "operatingExpenses": 8609000000, "generalAndAdministrativeExpenses": 8300000000, "netIncome": 732000000, "symbol": "BAC", "weightedAverageShsOut": 10746028000, "period": "FY", "link": "https://www.sec.gov/Archives/edgar/data/70858/000007085813000097/0000070858-13-000097-index.htm", "date": "2012-12-31", "netIncomeRatio": 0.0392282958199, "grossProfitRatio": 1.0, "interestExpense": 3647000000, "eps": 0.04, "epsdiluted": 0.03, "depreciationAndAmortization": 736000000, "costOfRevenue": 0.0, "operatingIncomeRatio": -0.10203644158628082, "operatingIncome": -1904000000}, {"finalLink": "https://www.sec.gov/Archives/edgar/data/70858/000007085812000362/bac-9302012x10q.htm", "sellingAndMarketingExpenses": 479000000, "revenue": 20428000000, "researchAndDevelopmentExpenses": 0.0, "acceptedDate": "2012-11-02 16:07:38", "fillingDate": "2012-11-02", "weightedAverageShsOutDil": 10826503000, "costAndExpenses": 8746000000, "ebitda": 1862000000, "ebitdaratio": 0.0911494027805, "incomeBeforeTaxRatio": 0.0543371842569, "incomeTaxExpense": 770000000, "totalOtherIncomeExpensesNet": 806000000, "grossProfit": 20428000000, "otherExpenses": 0.0, "incomeBeforeTax": 1110000000, "operatingExpenses": 8746000000, "generalAndAdministrativeExpenses": 8431000000, "netIncome": 340000000, "symbol": "BAC", "weightedAverageShsOut": 10735461000, "period": "Q3", "link": "https://www.sec.gov/Archives/edgar/data/70858/000007085812000362/0000070858-12-000362-index.htm", "date": "2012-09-30", "netIncomeRatio": 0.0166438222048, "grossProfitRatio": 1.0, "interestExpense": 4038000000, "eps": -0.01, "epsdiluted": 0.0, "depreciationAndAmortization": 752000000, "costOfRevenue": 0.0, "operatingIncomeRatio": 0.0543371842569, "operatingIncome": 1110000000}, {"finalLink": "https://www.sec.gov/Archives/edgar/data/70858/000007085812000308/bac-6302012x10q.htm", "sellingAndMarketingExpenses": 449000000, "revenue": 21968000000, "researchAndDevelopmentExpenses": 0.0, "acceptedDate": "2012-08-02 16:15:42", "fillingDate": "2012-08-02", "weightedAverageShsOutDil": 11509945000, "costAndExpenses": 9050000000, "ebitda": 3910000000, "ebitdaratio": 0.17798616169, "incomeBeforeTaxRatio": 0.143253823744, "incomeTaxExpense": 684000000, "totalOtherIncomeExpensesNet": 740000000, "grossProfit": 21968000000, "otherExpenses": 0.0, "incomeBeforeTax": 3147000000, "operatingExpenses": 9050000000, "generalAndAdministrativeExpenses": 8729000000, "netIncome": 2463000000, "symbol": "BAC", "weightedAverageShsOut": 10714881000, "period": "Q2", "link": "https://www.sec.gov/Archives/edgar/data/70858/000007085812000308/0000070858-12-000308-index.htm", "date": "2012-06-30", "netIncomeRatio": 0.112117625637, "grossProfitRatio": 1.0, "interestExpense": 4444000000, "eps": 0.2, "epsdiluted": 0.19, "depreciationAndAmortization": 763000000, "costOfRevenue": 0.0, "operatingIncomeRatio": 0.143253823744, "operatingIncome": 3147000000}, {"finalLink": "https://www.sec.gov/Archives/edgar/data/70858/000007085812000191/bac-3312012x10q.htm", "sellingAndMarketingExpenses": 465000000, "revenue": 22278000000, "researchAndDevelopmentExpenses": 0.0, "acceptedDate": "2012-05-03 16:07:38", "fillingDate": "2012-05-03", "weightedAverageShsOutDil": 10761917000, "costAndExpenses": 10507000000, "ebitda": 1506000000, "ebitdaratio": 0.0676003231888, "incomeBeforeTaxRatio": 0.0322739922794, "incomeTaxExpense": 66000000, "totalOtherIncomeExpensesNet": 751000000, "grossProfit": 22278000000, "otherExpenses": 0.0, "incomeBeforeTax": 719000000, "operatingExpenses": 10507000000, "generalAndAdministrativeExpenses": 10188000000, "netIncome": 653000000, "symbol": "BAC", "weightedAverageShsOut": 10651367000, "period": "Q1", "link": "https://www.sec.gov/Archives/edgar/data/70858/000007085812000191/0000070858-12-000191-index.htm", "date": "2012-03-31", "netIncomeRatio": 0.0293114283149, "grossProfitRatio": 1.0, "interestExpense": 4615000000, "eps": 0.03, "epsdiluted": 0.03, "depreciationAndAmortization": 787000000, "costOfRevenue": 0.0, "operatingIncomeRatio": 0.0322739922794, "operatingIncome": 719000000}, {"finalLink": "https://www.sec.gov/Archives/edgar/data/70858/000007085812000155/bac-12312011x10k.htm", "sellingAndMarketingExpenses": 523000000, "revenue": 24888000000, "researchAndDevelopmentExpenses": 0.0, "acceptedDate": "2012-02-23 16:13:53", "fillingDate": "2012-02-23", "weightedAverageShsOutDil": 10254824000, "costAndExpenses": 9126000000, "ebitda": 1160000000, "ebitdaratio": 0.0466088074574, "incomeBeforeTaxRatio": 0.0690292510447, "incomeTaxExpense": 441000000, "totalOtherIncomeExpensesNet": 920000000, "grossProfit": 24888000000, "otherExpenses": 0.0, "incomeBeforeTax": 1718000000, "operatingExpenses": 9126000000, "generalAndAdministrativeExpenses": 8761000000, "netIncome": 1991000000, "symbol": "BAC", "weightedAverageShsOut": 10142625000, "period": "FY", "link": "https://www.sec.gov/Archives/edgar/data/70858/000007085812000155/0000070858-12-000155-index.htm", "date": "2011-12-31", "netIncomeRatio": 0.0799983927997, "grossProfitRatio": 1.0, "interestExpense": 4712000000, "eps": 0.16, "epsdiluted": 0.16, "depreciationAndAmortization": 845000000, "costOfRevenue": 0.0, "operatingIncomeRatio": 0.0126567020251, "operatingIncome": 315000000}, {"finalLink": "https://www.sec.gov/Archives/edgar/data/70858/000007085811000140/bac-9302011x10q.htm", "sellingAndMarketingExpenses": 556000000, "revenue": 69335000000, "researchAndDevelopmentExpenses": 0.0, "acceptedDate": "2011-11-03 16:07:19", "fillingDate": "2011-11-03", "weightedAverageShsOutDil": 10095859000, "costAndExpenses": 29348000000, "ebitda": 2095000000, "ebitdaratio": 0.0302156198168, "incomeBeforeTaxRatio": 0.26123783080870205, "incomeTaxExpense": 1201000000, "totalOtherIncomeExpensesNet": 835000000, "grossProfit": 69335000000, "otherExpenses": 0.0, "incomeBeforeTax": 7433000000, "operatingExpenses": 29348000000, "generalAndAdministrativeExpenses": 28204000000, "netIncome": 6232000000, "symbol": "BAC", "weightedAverageShsOut": 10095859000, "period": "Q3", "link": "https://www.sec.gov/Archives/edgar/data/70858/000007085811000140/0000070858-11-000140-index.htm", "date": "2011-09-30", "netIncomeRatio": 0.21902787052331915, "grossProfitRatio": 1.0, "interestExpense": 16908000000, "eps": -0.15, "epsdiluted": -0.15, "depreciationAndAmortization": 2640000000, "costOfRevenue": 0.0, "operatingIncomeRatio": 0.26123783080870205, "operatingIncome": 7433000000}, {"finalLink": "https://www.sec.gov/Archives/edgar/data/70858/000095012311072937/g27236e10vq.htm", "sellingAndMarketingExpenses": 560000000, "revenue": 13236000000, "researchAndDevelopmentExpenses": 0.0, "acceptedDate": "2011-08-04 16:29:52", "fillingDate": "2011-08-04", "weightedAverageShsOutDil": 10095859000, "costAndExpenses": 560000000, "ebitda": -12875000000, "ebitdaratio": -0.9727258990631611, "incomeBeforeTaxRatio": -0.9727258990631611, "incomeTaxExpense": -4049000000, "totalOtherIncomeExpensesNet": 918000000, "grossProfit": 13236000000, "otherExpenses": 0.0, "incomeBeforeTax": -12875000000, "operatingExpenses": 560000000, "generalAndAdministrativeExpenses": 0.0, "netIncome": -8826000000, "symbol": "BAC", "weightedAverageShsOut": 10095859000, "period": "Q2", "link": "https://www.sec.gov/Archives/edgar/data/70858/000095012311072937/0000950123-11-072937-index.htm", "date": "2011-06-30", "netIncomeRatio": -0.6668177697189483, "grossProfitRatio": 1.0, "interestExpense": 0.0, "eps": 0.0, "epsdiluted": 0.0, "depreciationAndAmortization": 0.0, "costOfRevenue": 0.0, "operatingIncomeRatio": -0.9727258990631611, "operatingIncome": -12875000000}, {"finalLink": "https://www.sec.gov/Archives/edgar/data/70858/000095012311045620/g26405e10vq.htm", "sellingAndMarketingExpenses": 564000000, "revenue": 553000000, "researchAndDevelopmentExpenses": 0.0, "acceptedDate": "2011-05-05 15:53:07", "fillingDate": "2011-05-05", "weightedAverageShsOutDil": 10095859000, "costAndExpenses": 564000000, "ebitda": 2780000000, "ebitdaratio": 0.10343416303902965, "incomeBeforeTaxRatio": 0.10343416303902965, "incomeTaxExpense": 731000000, "totalOtherIncomeExpensesNet": 968000000, "grossProfit": 553000000, "otherExpenses": 0.0, "incomeBeforeTax": 2780000000, "operatingExpenses": 564000000, "generalAndAdministrativeExpenses": 0.0, "netIncome": 2049000000, "symbol": "BAC", "weightedAverageShsOut": 10095859000, "period": "Q1", "link": "https://www.sec.gov/Archives/edgar/data/70858/000095012311045620/0000950123-11-045620-index.htm", "date": "2011-03-31", "netIncomeRatio": 0.07623618707445028, "grossProfitRatio": 1.0, "interestExpense": 0.0, "eps": 0.0, "epsdiluted": 0.0, "depreciationAndAmortization": 0.0, "costOfRevenue": 0.0, "operatingIncomeRatio": 0.10343416303902965, "operatingIncome": 2780000000}, {"finalLink": "https://www.sec.gov/Archives/edgar/data/70858/000095012311018743/g25571e10vk.htm", "sellingAndMarketingExpenses": 484000000, "revenue": 22398000000, "researchAndDevelopmentExpenses": 0.0, "acceptedDate": "2011-02-25 16:27:28", "fillingDate": "2011-02-25", "weightedAverageShsOutDil": 10095859000, "costAndExpenses": 484000000, "ebitda": -1414000000, "ebitdaratio": -0.06313063666398785, "incomeBeforeTaxRatio": -0.16050540226805965, "incomeTaxExpense": -2351000000, "totalOtherIncomeExpensesNet": 965000000, "grossProfit": 22398000000, "otherExpenses": 0.0, "incomeBeforeTax": -3595000000, "operatingExpenses": 484000000, "generalAndAdministrativeExpenses": 0.0, "netIncome": -1244000000, "symbol": "BAC", "weightedAverageShsOut": 10095859000, "period": "FY", "link": "https://www.sec.gov/Archives/edgar/data/70858/000095012311018743/0000950123-11-018743-index.htm", "date": "2010-12-31", "netIncomeRatio": -0.0555406732743995, "grossProfitRatio": 1.0, "interestExpense": 0.0, "eps": 0.0, "epsdiluted": 0.0, "depreciationAndAmortization": 2181000000, "costOfRevenue": 0.0, "operatingIncomeRatio": -0.16050540226805965, "operatingIncome": -3595000000}, {"finalLink": "https://www.sec.gov/Archives/edgar/data/70858/000095012310101545/g24513e10vq.htm", "sellingAndMarketingExpenses": 497000000, "revenue": 570000000, "researchAndDevelopmentExpenses": 0.0, "acceptedDate": "2010-11-05 13:44:37", "fillingDate": "2010-11-05", "weightedAverageShsOutDil": 10095859000, "costAndExpenses": 497000000, "ebitda": -5912000000, "ebitdaratio": -0.22142322097378278, "incomeBeforeTaxRatio": -0.22142322097378278, "incomeTaxExpense": 1387000000, "totalOtherIncomeExpensesNet": 1037000000, "grossProfit": 570000000, "otherExpenses": 0.0, "incomeBeforeTax": -5912000000, "operatingExpenses": 497000000, "generalAndAdministrativeExpenses": 0.0, "netIncome": -7299000000, "symbol": "BAC", "weightedAverageShsOut": 10095859000, "period": "Q3", "link": "https://www.sec.gov/Archives/edgar/data/70858/000095012310101545/0000950123-10-101545-index.htm", "date": "2010-09-30", "netIncomeRatio": -0.2733707865168539, "grossProfitRatio": 1.0, "interestExpense": 0.0, "eps": 0.0, "epsdiluted": 0.0, "depreciationAndAmortization": 0.0, "costOfRevenue": 0.0, "operatingIncomeRatio": -0.22142322097378278, "operatingIncome": -5912000000}, {"finalLink": "https://www.sec.gov/Archives/edgar/data/70858/000095012310074181/g24023e10vq.htm", "sellingAndMarketingExpenses": 982000000, "revenue": 60084000000, "researchAndDevelopmentExpenses": 0.0, "acceptedDate": "2010-08-06 14:56:54", "fillingDate": "2010-08-06", "weightedAverageShsOutDil": 10095859000, "costAndExpenses": 982000000, "ebitda": 8830000000, "ebitdaratio": 0.176439841887, "incomeBeforeTaxRatio": 0.14337983078, "incomeTaxExpense": 2727000000, "totalOtherIncomeExpensesNet": 2278000000, "grossProfit": 60084000000, "otherExpenses": -956000000, "incomeBeforeTax": 9842000000, "operatingExpenses": 982000000, "generalAndAdministrativeExpenses": -9158000000, "netIncome": 7115000000, "symbol": "BAC", "weightedAverageShsOut": 10095859000, "period": "Q2", "link": "https://www.sec.gov/Archives/edgar/data/70858/000095012310074181/0000950123-10-074181-index.htm", "date": "2010-06-30", "netIncomeRatio": 0.103949560615, "grossProfitRatio": 1.0, "interestExpense": -6130000000, "eps": -0.28, "epsdiluted": -0.28, "depreciationAndAmortization": -1012000000, "costOfRevenue": 0.0, "operatingIncomeRatio": 0.14337983078, "operatingIncome": 9842000000}, {"finalLink": "https://www.sec.gov/Archives/edgar/data/70858/000119312510111878/d10q.htm", "sellingAndMarketingExpenses": 0.0, "revenue": 31969000000, "researchAndDevelopmentExpenses": 0.0, "acceptedDate": "2010-05-07 07:49:12", "fillingDate": "2010-05-07", "weightedAverageShsOutDil": 10005254000, "costAndExpenses": 9604000000, "ebitda": 5401000000, "ebitdaratio": 0.168944915387, "incomeBeforeTaxRatio": 0.13728924896, "incomeTaxExpense": 1207000000, "totalOtherIncomeExpensesNet": -119000000, "grossProfit": 31969000000, "otherExpenses": 956000000, "incomeBeforeTax": 4389000000, "operatingExpenses": 9604000000, "generalAndAdministrativeExpenses": 9158000000, "netIncome": 3182000000, "symbol": "BAC", "weightedAverageShsOut": 9177468000, "period": "Q1", "link": "https://www.sec.gov/Archives/edgar/data/70858/000119312510111878/0001193125-10-111878-index.htm", "date": "2010-03-31", "netIncomeRatio": 0.0995339234884, "grossProfitRatio": 1.0, "interestExpense": 6130000000, "eps": 0.28, "epsdiluted": 0.28, "depreciationAndAmortization": 1012000000, "costOfRevenue": 0.0, "operatingIncomeRatio": 0.13728924896, "operatingIncome": 4389000000}, {"finalLink": "https://www.sec.gov/Archives/edgar/data/70858/000119312510041666/d10k.htm", "sellingAndMarketingExpenses": 443000000, "revenue": 25076000000, "researchAndDevelopmentExpenses": 0.0, "acceptedDate": "2010-02-26 07:51:04", "fillingDate": "2010-02-26", "weightedAverageShsOutDil": 7728570000, "costAndExpenses": 443000000, "ebitda": -2965000000, "ebitdaratio": -0.11824054873185516, "incomeBeforeTaxRatio": -0.056587972563407245, "incomeTaxExpense": -1225000000, "totalOtherIncomeExpensesNet": 1333000000, "grossProfit": 25076000000, "otherExpenses": 0.0, "incomeBeforeTax": -1419000000, "operatingExpenses": 443000000, "generalAndAdministrativeExpenses": 0.0, "netIncome": -194000000, "symbol": "BAC", "weightedAverageShsOut": 7728570000, "period": "FY", "link": "https://www.sec.gov/Archives/edgar/data/70858/000119312510041666/0001193125-10-041666-index.htm", "date": "2009-12-31", "netIncomeRatio": -0.007736481097463711, "grossProfitRatio": 1.0, "interestExpense": -6086000000, "eps": -0.29, "epsdiluted": -0.29, "depreciationAndAmortization": -1546000000, "costOfRevenue": 0.0, "operatingIncomeRatio": -0.056587972563407245, "operatingIncome": -1419000000}, {"finalLink": "https://www.sec.gov/Archives/edgar/data/70858/000119312509227720/d10q.htm", "sellingAndMarketingExpenses": 470000000, "revenue": 26035000000, "researchAndDevelopmentExpenses": 0.0, "acceptedDate": "2009-11-06 17:07:00", "fillingDate": "2009-11-06", "weightedAverageShsOutDil": 7728570000, "costAndExpenses": 470000000, "ebitda": -1466000000, "ebitdaratio": -0.056308815056654506, "incomeBeforeTaxRatio": -0.07589782984444017, "incomeTaxExpense": -975000000, "totalOtherIncomeExpensesNet": 1363000000, "grossProfit": 26035000000, "otherExpenses": 0.0, "incomeBeforeTax": -1976000000, "operatingExpenses": 470000000, "generalAndAdministrativeExpenses": 0.0, "netIncome": -1001000000, "symbol": "BAC", "weightedAverageShsOut": 7728570000, "period": "Q3", "link": "https://www.sec.gov/Archives/edgar/data/70858/000119312509227720/0001193125-09-227720-index.htm", "date": "2009-09-30", "netIncomeRatio": -0.03844824275014404, "grossProfitRatio": 1.0, "interestExpense": -7100000000, "eps": 0.39, "epsdiluted": 0.39, "depreciationAndAmortization": 510000000, "costOfRevenue": 0.0, "operatingIncomeRatio": -0.07589782984444017, "operatingIncome": -1976000000}, {"finalLink": "https://www.sec.gov/Archives/edgar/data/70858/000119312509168935/d10q.htm", "sellingAndMarketingExpenses": 499000000, "revenue": 32774000000, "researchAndDevelopmentExpenses": 0.0, "acceptedDate": "2009-08-07 14:56:02", "fillingDate": "2009-08-07", "weightedAverageShsOutDil": 7728570000, "costAndExpenses": 499000000, "ebitda": 2895000000, "ebitdaratio": 0.08833221456032221, "incomeBeforeTaxRatio": 0.07258802709464819, "incomeTaxExpense": -845000000, "totalOtherIncomeExpensesNet": 1338000000, "grossProfit": 32774000000, "otherExpenses": 0.0, "incomeBeforeTax": 2379000000, "operatingExpenses": 499000000, "generalAndAdministrativeExpenses": 0.0, "netIncome": 3224000000, "symbol": "BAC", "weightedAverageShsOut": 7728570000, "period": "Q2", "link": "https://www.sec.gov/Archives/edgar/data/70858/000119312509168935/0001193125-09-168935-index.htm", "date": "2009-06-30", "netIncomeRatio": 0.09837065966925002, "grossProfitRatio": 1.0, "interestExpense": -7962000000, "eps": 0.75, "epsdiluted": 0.75, "depreciationAndAmortization": 516000000, "costOfRevenue": 0.0, "operatingIncomeRatio": 0.07258802709464819, "operatingIncome": 2379000000}, {"finalLink": "https://www.sec.gov/Archives/edgar/data/70858/000119312509103338/d10q.htm", "sellingAndMarketingExpenses": 521000000, "revenue": 35758000000, "researchAndDevelopmentExpenses": 0.0, "acceptedDate": "2009-05-07 16:06:51", "fillingDate": "2009-05-07", "weightedAverageShsOutDil": 9652272727, "costAndExpenses": 521000000, "ebitda": 5896000000, "ebitdaratio": 0.16488617931651658, "incomeBeforeTaxRatio": 0.15034397896974103, "incomeTaxExpense": 1129000000, "totalOtherIncomeExpensesNet": 1394000000, "grossProfit": 35758000000, "otherExpenses": 0.0, "incomeBeforeTax": 5376000000, "operatingExpenses": 521000000, "generalAndAdministrativeExpenses": 0.0, "netIncome": 4247000000, "symbol": "BAC", "weightedAverageShsOut": 9652272727, "period": "Q1", "link": "https://www.sec.gov/Archives/edgar/data/70858/000119312509103338/0001193125-09-103338-index.htm", "date": "2009-03-31", "netIncomeRatio": 0.11877062475529951, "grossProfitRatio": 1.0, "interestExpense": -9659000000, "eps": 0.44, "epsdiluted": 0.44, "depreciationAndAmortization": 520000000, "costOfRevenue": 0.0, "operatingIncomeRatio": 0.15034397896974103, "operatingIncome": 5376000000}, {"finalLink": "https://www.sec.gov/Archives/edgar/data/70858/000119312509041126/d10k.htm", "sellingAndMarketingExpenses": 2368000000, "revenue": 74896000000, "researchAndDevelopmentExpenses": 0.0, "acceptedDate": "2009-02-27 16:56:02", "fillingDate": "2009-02-27", "weightedAverageShsOutDil": 7287272727, "costAndExpenses": 2368000000, "ebitda": 6013000000, "ebitdaratio": 0.08028466139713736, "incomeBeforeTaxRatio": 0.07479705191198462, "incomeTaxExpense": 937000000, "totalOtherIncomeExpensesNet": 4083000000, "grossProfit": 74896000000, "otherExpenses": 53000000, "incomeBeforeTax": 5602000000, "operatingExpenses": 2368000000, "generalAndAdministrativeExpenses": 0.0, "netIncome": 4665000000, "symbol": "BAC", "weightedAverageShsOut": 7157142857, "period": "FY", "link": "https://www.sec.gov/Archives/edgar/data/70858/000119312509041126/0001193125-09-041126-index.htm", "date": "2008-12-31", "netIncomeRatio": 0.06228637043366802, "grossProfitRatio": 1.0, "interestExpense": -42438000000, "eps": 0.56, "epsdiluted": 0.55, "depreciationAndAmortization": 411000000, "costOfRevenue": 0.0, "operatingIncomeRatio": 0.07479705191198462, "operatingIncome": 5602000000}, {"finalLink": "https://www.sec.gov/Archives/edgar/data/70858/000119312508228086/d10q.htm", "sellingAndMarketingExpenses": 0.0, "revenue": -2114000000, "researchAndDevelopmentExpenses": 0.0, "acceptedDate": "2008-11-06 17:02:08", "fillingDate": "2008-11-06", "weightedAverageShsOutDil": 0.0, "costAndExpenses": 0.0, "ebitda": -776000000, "ebitdaratio": 0.36707663197729423, "incomeBeforeTaxRatio": 0.5553453169347209, "incomeTaxExpense": -517000000, "totalOtherIncomeExpensesNet": 68000000, "grossProfit": 2114000000, "otherExpenses": -53000000, "incomeBeforeTax": -1174000000, "operatingExpenses": 0.0, "generalAndAdministrativeExpenses": 0.0, "netIncome": -657000000, "symbol": "BAC", "weightedAverageShsOut": 0.0, "period": "Q3", "link": "https://www.sec.gov/Archives/edgar/data/70858/000119312508228086/0001193125-08-228086-index.htm", "date": "2008-09-30", "netIncomeRatio": 0.3107852412488174, "grossProfitRatio": -1.0, "interestExpense": 2114000000, "eps": 0.0, "epsdiluted": 0.0, "depreciationAndAmortization": 398000000, "costOfRevenue": 0.0, "operatingIncomeRatio": 0.5553453169347209, "operatingIncome": -1174000000}, {"finalLink": "https://www.sec.gov/Archives/edgar/data/70858/000119312508170071/d10q.htm", "sellingAndMarketingExpenses": 0.0, "revenue": -700000000, "researchAndDevelopmentExpenses": 0.0, "acceptedDate": "2008-08-07 16:07:25", "fillingDate": "2008-08-07", "weightedAverageShsOutDil": 5260869565000000, "costAndExpenses": 0.0, "ebitda": 616000000, "ebitdaratio": -0.88, "incomeBeforeTaxRatio": -0.38285714285714284, "incomeTaxExpense": -11000000, "totalOtherIncomeExpensesNet": -101000000, "grossProfit": 700000000, "otherExpenses": 17000000, "incomeBeforeTax": 268000000, "operatingExpenses": 0.0, "generalAndAdministrativeExpenses": 0.0, "netIncome": 279000000, "symbol": "BAC", "weightedAverageShsOut": 273000000, "period": "Q2", "link": "https://www.sec.gov/Archives/edgar/data/70858/000119312508170071/0001193125-08-170071-index.htm", "date": "2008-06-30", "netIncomeRatio": -0.3985714285714286, "grossProfitRatio": -1.0, "interestExpense": 700000000, "eps": 0.0, "epsdiluted": 0.0, "depreciationAndAmortization": 348000000, "costOfRevenue": 0.0, "operatingIncomeRatio": -0.38285714285714284, "operatingIncome": 268000000}, {"finalLink": "https://www.sec.gov/Archives/edgar/data/70858/000119312508107941/d10q.htm", "sellingAndMarketingExpenses": 637000000, "revenue": 17003000000, "researchAndDevelopmentExpenses": 0.0, "acceptedDate": "2008-05-08 16:50:56", "fillingDate": "2008-05-08", "weightedAverageShsOutDil": 5260869565000000, "costAndExpenses": 637000000, "ebitda": 2126000000, "ebitdaratio": 0.1250367582191378, "incomeBeforeTaxRatio": 0.10574604481562078, "incomeTaxExpense": 588000000, "totalOtherIncomeExpensesNet": 1098000000, "grossProfit": 17003000000, "otherExpenses": 0.0, "incomeBeforeTax": 1798000000, "operatingExpenses": 637000000, "generalAndAdministrativeExpenses": 0.0, "netIncome": 1210000000, "symbol": "BAC", "weightedAverageShsOut": 273000000, "period": "Q1", "link": "https://www.sec.gov/Archives/edgar/data/70858/000119312508107941/0001193125-08-107941-index.htm", "date": "2008-03-31", "netIncomeRatio": 0.07116391225077927, "grossProfitRatio": 1.0, "interestExpense": -11868000000, "eps": 4.427823, "epsdiluted": 2.3000000000000002e-07, "depreciationAndAmortization": 328000000, "costOfRevenue": 0.0, "operatingIncomeRatio": 0.10574604481562078, "operatingIncome": 1798000000}, {"finalLink": "https://www.sec.gov/Archives/edgar/data/70858/000119312508041665/d10k.htm", "sellingAndMarketingExpenses": 712000000, "revenue": 12672000000, "researchAndDevelopmentExpenses": 0.0, "acceptedDate": "2008-02-28 15:41:45", "fillingDate": "2008-02-28", "weightedAverageShsOutDil": 4540000000, "costAndExpenses": 712000000, "ebitda": -583000000, "ebitdaratio": -0.04600694444444445, "incomeBeforeTaxRatio": -0.07220643939393939, "incomeTaxExpense": -1183000000, "totalOtherIncomeExpensesNet": 1272000000, "grossProfit": 12672000000, "otherExpenses": 0.0, "incomeBeforeTax": -915000000, "operatingExpenses": 712000000, "generalAndAdministrativeExpenses": 0.0, "netIncome": 268000000, "symbol": "BAC", "weightedAverageShsOut": 4472238805, "period": "FY", "link": "https://www.sec.gov/Archives/edgar/data/70858/000119312508041665/0001193125-08-041665-index.htm", "date": "2007-12-31", "netIncomeRatio": 0.0211489898989899, "grossProfitRatio": 1.0, "interestExpense": -14315000000, "eps": 3.35, "epsdiluted": 3.3, "depreciationAndAmortization": 332000000, "costOfRevenue": 0.0, "operatingIncomeRatio": -0.07220643939393939, "operatingIncome": -915000000}, {"finalLink": "https://www.sec.gov/Archives/edgar/data/70858/000119312507242080/d10q.htm", "sellingAndMarketingExpenses": 552000000, "revenue": 15929000000, "researchAndDevelopmentExpenses": 0.0, "acceptedDate": "2007-11-09 14:16:24", "fillingDate": "2007-11-09", "weightedAverageShsOutDil": 4527384615, "costAndExpenses": 552000000, "ebitda": 5637000000, "ebitdaratio": 0.35388285516981605, "incomeBeforeTaxRatio": 0.3362420742042815, "incomeTaxExpense": 1658000000, "totalOtherIncomeExpensesNet": 1230000000, "grossProfit": 15929000000, "otherExpenses": 0.0, "incomeBeforeTax": 5356000000, "operatingExpenses": 552000000, "generalAndAdministrativeExpenses": 0.0, "netIncome": 3698000000, "symbol": "BAC", "weightedAverageShsOut": 4458787878, "period": "Q3", "link": "https://www.sec.gov/Archives/edgar/data/70858/000119312507242080/0001193125-07-242080-index.htm", "date": "2007-09-30", "netIncomeRatio": 0.23215518864963275, "grossProfitRatio": 1.0, "interestExpense": -13418000000, "eps": 3.3, "epsdiluted": 3.25, "depreciationAndAmortization": 281000000, "costOfRevenue": 0.0, "operatingIncomeRatio": 0.3362420742042815, "operatingIncome": 5356000000}, {"finalLink": "https://www.sec.gov/Archives/edgar/data/70858/000119312507175583/d10q.htm", "sellingAndMarketingExpenses": 1092000000, "revenue": 37927000000, "researchAndDevelopmentExpenses": 0.0, "acceptedDate": "2007-08-08 16:15:45", "fillingDate": "2007-08-08", "weightedAverageShsOutDil": 4514754098000000, "costAndExpenses": 1092000000, "ebitda": 16049000000, "ebitdaratio": 0.42315500830542885, "incomeBeforeTaxRatio": 0.41577240488306483, "incomeTaxExpense": 5334000000, "totalOtherIncomeExpensesNet": 2256000000, "grossProfit": 37927000000, "otherExpenses": -341000000, "incomeBeforeTax": 15769000000, "operatingExpenses": 1092000000, "generalAndAdministrativeExpenses": 0.0, "netIncome": 10435000000, "symbol": "BAC", "weightedAverageShsOut": 2488000000, "period": "Q2", "link": "https://www.sec.gov/Archives/edgar/data/70858/000119312507175583/0001193125-07-175583-index.htm", "date": "2007-06-30", "netIncomeRatio": 0.27513380968703033, "grossProfitRatio": 1.0, "interestExpense": -24797000000, "eps": 4.426046, "epsdiluted": 2.44e-06, "depreciationAndAmortization": 280000000, "costOfRevenue": 0.0, "operatingIncomeRatio": 0.41577240488306483, "operatingIncome": 15769000000}, {"finalLink": "https://www.sec.gov/Archives/edgar/data/70858/000119312507108222/d10q.htm", "sellingAndMarketingExpenses": 0.0, "revenue": -209000000, "researchAndDevelopmentExpenses": 0.0, "acceptedDate": "2007-05-09 16:22:00", "fillingDate": "2007-05-09", "weightedAverageShsOutDil": 4604139433, "costAndExpenses": 0.0, "ebitda": 989000000, "ebitdaratio": -4.732057416267943, "incomeBeforeTaxRatio": -3.416267942583732, "incomeTaxExpense": 133000000, "totalOtherIncomeExpensesNet": -58000000, "grossProfit": 209000000, "otherExpenses": 341000000, "incomeBeforeTax": 714000000, "operatingExpenses": 0.0, "generalAndAdministrativeExpenses": 0.0, "netIncome": 581000000, "symbol": "BAC", "weightedAverageShsOut": 4534978540, "period": "Q1", "link": "https://www.sec.gov/Archives/edgar/data/70858/000119312507108222/0001193125-07-108222-index.htm", "date": "2007-03-31", "netIncomeRatio": -2.7799043062200957, "grossProfitRatio": -1.0, "interestExpense": -341000000, "eps": 0.0, "epsdiluted": 0.0, "depreciationAndAmortization": 275000000, "costOfRevenue": 0.0, "operatingIncomeRatio": -3.416267942583732, "operatingIncome": 714000000}, {"finalLink": "https://www.sec.gov/Archives/edgar/data/70858/000119312507042036/d10k.htm", "sellingAndMarketingExpenses": 2336000000, "revenue": 71743000000, "researchAndDevelopmentExpenses": 0.0, "acceptedDate": "2007-02-28 10:31:30", "fillingDate": "2007-02-28", "weightedAverageShsOutDil": 4604139433, "costAndExpenses": 2336000000, "ebitda": 32048000000, "ebitdaratio": 0.446705601940259, "incomeBeforeTaxRatio": 0.4428167207950601, "incomeTaxExpense": 10847000000, "totalOtherIncomeExpensesNet": 4249000000, "grossProfit": 71743000000, "otherExpenses": -58000000, "incomeBeforeTax": 31769000000, "operatingExpenses": 2336000000, "generalAndAdministrativeExpenses": 0.0, "netIncome": 20922000000, "symbol": "BAC", "weightedAverageShsOut": 4534978540, "period": "FY", "link": "https://www.sec.gov/Archives/edgar/data/70858/000119312507042036/0001193125-07-042036-index.htm", "date": "2006-12-31", "netIncomeRatio": 0.2916242699636201, "grossProfitRatio": 1.0, "interestExpense": -43936000000, "eps": 4.66, "epsdiluted": 4.59, "depreciationAndAmortization": 279000000, "costOfRevenue": 0.0, "operatingIncomeRatio": 0.4428167207950601, "operatingIncome": 31769000000}, {"finalLink": "https://www.sec.gov/Archives/edgar/data/70858/000119312506228580/d10q.htm", "sellingAndMarketingExpenses": 0.0, "revenue": 1280000000, "researchAndDevelopmentExpenses": 0.0, "acceptedDate": "2006-11-08 17:24:39", "fillingDate": "2006-11-08", "weightedAverageShsOutDil": 4649333333, "costAndExpenses": 0.0, "ebitda": 482000000, "ebitdaratio": 0.3765625, "incomeBeforeTaxRatio": 0.159375, "incomeTaxExpense": -7000000.0, "totalOtherIncomeExpensesNet": -648000000, "grossProfit": 1280000000, "otherExpenses": 58000000, "incomeBeforeTax": 204000000, "operatingExpenses": 0.0, "generalAndAdministrativeExpenses": 0.0, "netIncome": 211000000, "symbol": "BAC", "weightedAverageShsOut": 4568122270, "period": "Q3", "link": "https://www.sec.gov/Archives/edgar/data/70858/000119312506228580/0001193125-06-228580-index.htm", "date": "2006-09-30", "netIncomeRatio": 0.16484375, "grossProfitRatio": 1.0, "interestExpense": -58000000, "eps": 0.0, "epsdiluted": 0.0, "depreciationAndAmortization": 278000000, "costOfRevenue": 0.0, "operatingIncomeRatio": 0.159375, "operatingIncome": 204000000}, {"finalLink": "https://www.sec.gov/Archives/edgar/data/70858/000119312506165337/d10q.htm", "sellingAndMarketingExpenses": 551000000, "revenue": 18228000000, "researchAndDevelopmentExpenses": 0.0, "acceptedDate": "2006-08-08 13:38:27", "fillingDate": "2006-08-08", "weightedAverageShsOutDil": 4649333333, "costAndExpenses": 551000000, "ebitda": 8776000000, "ebitdaratio": 0.4814570989686197, "incomeBeforeTaxRatio": 0.4661509765196401, "incomeTaxExpense": 3022000000, "totalOtherIncomeExpensesNet": 845000000, "grossProfit": 18228000000, "otherExpenses": 0.0, "incomeBeforeTax": 8497000000, "operatingExpenses": 551000000, "generalAndAdministrativeExpenses": 0.0, "netIncome": 5475000000, "symbol": "BAC", "weightedAverageShsOut": 4568122270, "period": "Q2", "link": "https://www.sec.gov/Archives/edgar/data/70858/000119312506165337/0001193125-06-165337-index.htm", "date": "2006-06-30", "netIncomeRatio": 0.30036208031599737, "grossProfitRatio": 1.0, "interestExpense": -8292000000, "eps": 2.29, "epsdiluted": 2.25, "depreciationAndAmortization": 279000000, "costOfRevenue": 0.0, "operatingIncomeRatio": 0.4661509765196401, "operatingIncome": 8497000000}, {"finalLink": "https://www.sec.gov/Archives/edgar/data/70858/000119312506105418/d10q.htm", "sellingAndMarketingExpenses": 575000000, "revenue": 17677000000, "researchAndDevelopmentExpenses": 0.0, "acceptedDate": "2006-05-09 16:12:18", "fillingDate": "2006-05-09", "weightedAverageShsOutDil": 4659813084, "costAndExpenses": 575000000, "ebitda": 7775000000, "ebitdaratio": 0.43983707642699554, "incomeBeforeTaxRatio": 0.42411042597725856, "incomeTaxExpense": 2511000000, "totalOtherIncomeExpensesNet": 727000000, "grossProfit": 17677000000, "otherExpenses": 0.0, "incomeBeforeTax": 7497000000, "operatingExpenses": 575000000, "generalAndAdministrativeExpenses": 0.0, "netIncome": 4986000000, "symbol": "BAC", "weightedAverageShsOut": 4616666666, "period": "Q1", "link": "https://www.sec.gov/Archives/edgar/data/70858/000119312506105418/0001193125-06-105418-index.htm", "date": "2006-03-31", "netIncomeRatio": 0.2820614357639871, "grossProfitRatio": 1.0, "interestExpense": -9349000000, "eps": 1.08, "epsdiluted": 1.07, "depreciationAndAmortization": 278000000, "costOfRevenue": 0.0, "operatingIncomeRatio": 0.42411042597725856, "operatingIncome": 7497000000}, {"finalLink": "https://www.sec.gov/Archives/edgar/data/70858/000119312506056053/d10k.htm", "sellingAndMarketingExpenses": 1255000000, "revenue": 55092000000, "researchAndDevelopmentExpenses": 0.0, "acceptedDate": "2006-03-16 10:48:00", "fillingDate": "2006-03-16", "weightedAverageShsOutDil": 4075495049, "costAndExpenses": 1255000000, "ebitda": 23547000000, "ebitdaratio": 0.4274123284687432, "incomeBeforeTaxRatio": 0.42300152472228275, "incomeTaxExpense": 7771000000, "totalOtherIncomeExpensesNet": 2433000000, "grossProfit": 55092000000, "otherExpenses": -278000000, "incomeBeforeTax": 23304000000, "operatingExpenses": 1255000000, "generalAndAdministrativeExpenses": 0.0, "netIncome": 15533000000, "symbol": "BAC", "weightedAverageShsOut": 4015853658, "period": "FY", "link": "https://www.sec.gov/Archives/edgar/data/70858/000119312506056053/0001193125-06-056053-index.htm", "date": "2005-12-31", "netIncomeRatio": 0.28194656211428154, "grossProfitRatio": 1.0, "interestExpense": -27611000000, "eps": 4.1, "epsdiluted": 4.04, "depreciationAndAmortization": 243000000, "costOfRevenue": 0.0, "operatingIncomeRatio": 0.42300152472228275, "operatingIncome": 23304000000}, {"finalLink": "https://www.sec.gov/Archives/edgar/data/70858/000119312505220080/d10q.htm", "sellingAndMarketingExpenses": 0.0, "revenue": 999000000, "researchAndDevelopmentExpenses": 0.0, "acceptedDate": "2005-11-08 18:53:32", "fillingDate": "2005-11-09", "weightedAverageShsOutDil": 4086818181, "costAndExpenses": 0.0, "ebitda": 1414000000, "ebitdaratio": 1.4154154154154155, "incomeBeforeTaxRatio": 1.177177177177177, "incomeTaxExpense": 244000000, "totalOtherIncomeExpensesNet": -342000000, "grossProfit": 999000000, "otherExpenses": 278000000, "incomeBeforeTax": 1176000000, "operatingExpenses": 0.0, "generalAndAdministrativeExpenses": 0.0, "netIncome": 932000000, "symbol": "BAC", "weightedAverageShsOut": 4031838565, "period": "Q3", "link": "https://www.sec.gov/Archives/edgar/data/70858/000119312505220080/0001193125-05-220080-index.htm", "date": "2005-09-30", "netIncomeRatio": 0.9329329329329329, "grossProfitRatio": 1.0, "interestExpense": -278000000, "eps": 0.0, "epsdiluted": 0.0, "depreciationAndAmortization": 238000000, "costOfRevenue": 0.0, "operatingIncomeRatio": 1.177177177177177, "operatingIncome": 1176000000}, {"finalLink": "https://www.sec.gov/Archives/edgar/data/70858/000119312505160844/d10q.htm", "sellingAndMarketingExpenses": 346000000, "revenue": 14015000000, "researchAndDevelopmentExpenses": 0.0, "acceptedDate": "2005-08-08 16:45:52", "fillingDate": "2005-08-08", "weightedAverageShsOutDil": 4086818181, "costAndExpenses": 346000000, "ebitda": 6684000000, "ebitdaratio": 0.47691758829825187, "incomeBeforeTaxRatio": 0.4599357830895469, "incomeTaxExpense": 2150000000, "totalOtherIncomeExpensesNet": 502000000, "grossProfit": 14015000000, "otherExpenses": 0.0, "incomeBeforeTax": 6446000000, "operatingExpenses": 346000000, "generalAndAdministrativeExpenses": 0.0, "netIncome": 4296000000, "symbol": "BAC", "weightedAverageShsOut": 4031838565, "period": "Q2", "link": "https://www.sec.gov/Archives/edgar/data/70858/000119312505160844/0001193125-05-160844-index.htm", "date": "2005-06-30", "netIncomeRatio": 0.30652871922939706, "grossProfitRatio": 1.0, "interestExpense": -6641000000, "eps": 2.23, "epsdiluted": 2.2, "depreciationAndAmortization": 238000000, "costOfRevenue": 0.0, "operatingIncomeRatio": 0.4599357830895469, "operatingIncome": 6446000000}, {"finalLink": "https://www.sec.gov/Archives/edgar/data/70858/000119312505099437/d10q.htm", "sellingAndMarketingExpenses": 337000000, "revenue": 14022000000, "researchAndDevelopmentExpenses": 0.0, "acceptedDate": "2005-05-06 17:20:10", "fillingDate": "2005-05-06", "weightedAverageShsOutDil": 4118421052, "costAndExpenses": 337000000, "ebitda": 7284000000, "ebitdaratio": 0.519469405220368, "incomeBeforeTaxRatio": 0.5023534445870774, "incomeTaxExpense": 2349000000, "totalOtherIncomeExpensesNet": 437000000, "grossProfit": 14022000000, "otherExpenses": 0.0, "incomeBeforeTax": 7044000000, "operatingExpenses": 337000000, "generalAndAdministrativeExpenses": 0.0, "netIncome": 4695000000, "symbol": "BAC", "weightedAverageShsOut": 4047413793, "period": "Q1", "link": "https://www.sec.gov/Archives/edgar/data/70858/000119312505099437/0001193125-05-099437-index.htm", "date": "2005-03-31", "netIncomeRatio": 0.33483097988874627, "grossProfitRatio": 1.0, "interestExpense": -5280000000, "eps": 1.16, "epsdiluted": 1.14, "depreciationAndAmortization": 240000000, "costOfRevenue": 0.0, "operatingIncomeRatio": 0.5023534445870774, "operatingIncome": 7044000000}, {"finalLink": "https://www.sec.gov/Archives/edgar/data/70858/000119312505039878/d10k.htm", "sellingAndMarketingExpenses": 337000000, "revenue": 13795000000, "researchAndDevelopmentExpenses": 0.0, "acceptedDate": "2005-03-01 16:46:19", "fillingDate": "2005-03-01", "weightedAverageShsOutDil": 3832791327, "costAndExpenses": 337000000, "ebitda": 6024000000, "ebitdaratio": 0.4366799565059804, "incomeBeforeTaxRatio": 0.4186299383834723, "incomeTaxExpense": 1926000000, "totalOtherIncomeExpensesNet": 399000000, "grossProfit": 13795000000, "otherExpenses": 0.0, "incomeBeforeTax": 5775000000, "operatingExpenses": 337000000, "generalAndAdministrativeExpenses": 0.0, "netIncome": 3849000000, "symbol": "BAC", "weightedAverageShsOut": 3761436170, "period": "FY", "link": "https://www.sec.gov/Archives/edgar/data/70858/000119312505039878/0001193125-05-039878-index.htm", "date": "2004-12-31", "netIncomeRatio": 0.279014135556361, "grossProfitRatio": 1.0, "interestExpense": -4379000000, "eps": 3.76, "epsdiluted": 3.69, "depreciationAndAmortization": 249000000, "costOfRevenue": 0.0, "operatingIncomeRatio": 0.4186299383834723, "operatingIncome": 5775000000}, {"finalLink": "https://www.sec.gov/Archives/edgar/data/70858/000119312504190704/d10q.htm", "sellingAndMarketingExpenses": 364000000, "revenue": 12560000000, "researchAndDevelopmentExpenses": 0.0, "acceptedDate": "2004-11-09 11:30:08", "fillingDate": "2004-11-09", "weightedAverageShsOutDil": 3729710144, "costAndExpenses": 364000000, "ebitda": 5894000000, "ebitdaratio": 0.46926751592356686, "incomeBeforeTaxRatio": 0.4496815286624204, "incomeTaxExpense": 1884000000, "totalOtherIncomeExpensesNet": 480000000, "grossProfit": 12560000000, "otherExpenses": 0.0, "incomeBeforeTax": 5648000000, "operatingExpenses": 364000000, "generalAndAdministrativeExpenses": 0.0, "netIncome": 3764000000, "symbol": "BAC", "weightedAverageShsOut": 3676428571, "period": "Q3", "link": "https://www.sec.gov/Archives/edgar/data/70858/000119312504190704/0001193125-04-190704-index.htm", "date": "2004-09-30", "netIncomeRatio": 0.29968152866242037, "grossProfitRatio": 1.0, "interestExpense": -3853000000, "eps": 2.8, "epsdiluted": 2.76, "depreciationAndAmortization": 246000000, "costOfRevenue": 0.0, "operatingIncomeRatio": 0.4496815286624204, "operatingIncome": 5648000000}, {"finalLink": "https://www.sec.gov/Archives/edgar/data/70858/000119312504135155/d10q.htm", "sellingAndMarketingExpenses": 367000000, "revenue": 13021000000, "researchAndDevelopmentExpenses": 0.0, "acceptedDate": "2004-08-09 08:59:17", "fillingDate": "2004-08-09", "weightedAverageShsOutDil": 1764864864, "costAndExpenses": 367000000, "ebitda": 6094000000, "ebitdaratio": 0.4680132094309193, "incomeBeforeTaxRatio": 0.44743107288226713, "incomeTaxExpense": 1977000000, "totalOtherIncomeExpensesNet": 440000000, "grossProfit": 13021000000, "otherExpenses": 0.0, "incomeBeforeTax": 5826000000, "operatingExpenses": 367000000, "generalAndAdministrativeExpenses": 0.0, "netIncome": 3849000000, "symbol": "BAC", "weightedAverageShsOut": 1736702127, "period": "Q2", "link": "https://www.sec.gov/Archives/edgar/data/70858/000119312504135155/0001193125-04-135155-index.htm", "date": "2004-06-30", "netIncomeRatio": 0.295599416327471, "grossProfitRatio": 1.0, "interestExpense": -3427000000, "eps": 3.76, "epsdiluted": 3.7, "depreciationAndAmortization": 268000000, "costOfRevenue": 0.0, "operatingIncomeRatio": 0.44743107288226713, "operatingIncome": 5826000000}, {"finalLink": "https://www.sec.gov/Archives/edgar/data/70858/000119312504082233/d10q.htm", "sellingAndMarketingExpenses": 281000000, "revenue": 9518000000, "researchAndDevelopmentExpenses": 0.0, "acceptedDate": "2004-05-07 16:58:47", "fillingDate": "2004-05-07", "weightedAverageShsOutDil": 1465027322, "costAndExpenses": 281000000, "ebitda": 4181000000, "ebitdaratio": 0.4392729565034671, "incomeBeforeTaxRatio": 0.41731456188274846, "incomeTaxExpense": 1291000000, "totalOtherIncomeExpensesNet": 368000000, "grossProfit": 9518000000, "otherExpenses": 0.0, "incomeBeforeTax": 3972000000, "operatingExpenses": 281000000, "generalAndAdministrativeExpenses": 0.0, "netIncome": 2681000000, "symbol": "BAC", "weightedAverageShsOut": 1441397849, "period": "Q1", "link": "https://www.sec.gov/Archives/edgar/data/70858/000119312504082233/0001193125-04-082233-index.htm", "date": "2004-03-31", "netIncomeRatio": 0.2816768228619458, "grossProfitRatio": 1.0, "interestExpense": -2771000000, "eps": 1.86, "epsdiluted": 1.83, "depreciationAndAmortization": 209000000, "costOfRevenue": 0.0, "operatingIncomeRatio": 0.41731456188274846, "operatingIncome": 3972000000}, {"finalLink": "https://www.sec.gov/Archives/edgar/data/70858/000119312504032312/d10k.htm", "sellingAndMarketingExpenses": 268000000, "revenue": 9629000000, "researchAndDevelopmentExpenses": 0.0, "acceptedDate": "2004-03-01 16:38:59", "fillingDate": "2004-03-01", "weightedAverageShsOutDil": 1516129032, "costAndExpenses": 268000000, "ebitda": 4133000000, "ebitdaratio": 0.42922421850659465, "incomeBeforeTaxRatio": 0.4053380413334718, "incomeTaxExpense": 1177000000, "totalOtherIncomeExpensesNet": 323000000, "grossProfit": 9629000000, "otherExpenses": 0.0, "incomeBeforeTax": 3903000000, "operatingExpenses": 268000000, "generalAndAdministrativeExpenses": 0.0, "netIncome": 2726000000, "symbol": "BAC", "weightedAverageShsOut": 1486932599, "period": "FY", "link": "https://www.sec.gov/Archives/edgar/data/70858/000119312504032312/0001193125-04-032312-index.htm", "date": "2003-12-31", "netIncomeRatio": 0.28310312597362136, "grossProfitRatio": 1.0, "interestExpense": -2482000000, "eps": 7.27, "epsdiluted": 7.13, "depreciationAndAmortization": 230000000, "costOfRevenue": 0.0, "operatingIncomeRatio": 0.4053380413334718, "operatingIncome": 3903000000}, {"finalLink": "https://www.sec.gov/Archives/edgar/data/70858/000119312503076385/d10q.htm", "sellingAndMarketingExpenses": 249000000, "revenue": 9743000000, "researchAndDevelopmentExpenses": 0.0, "acceptedDate": "2003-11-10 17:22:26", "fillingDate": "2003-11-10", "weightedAverageShsOutDil": 1522410546, "costAndExpenses": 249000000, "ebitda": 4468000000, "ebitdaratio": 0.4585856512367854, "incomeBeforeTaxRatio": 0.43672380170378733, "incomeTaxExpense": 1333000000, "totalOtherIncomeExpensesNet": 449000000, "grossProfit": 9743000000, "otherExpenses": 0.0, "incomeBeforeTax": 4255000000, "operatingExpenses": 249000000, "generalAndAdministrativeExpenses": 0.0, "netIncome": 2922000000, "symbol": "BAC", "weightedAverageShsOut": 1494269870, "period": "Q3", "link": "https://www.sec.gov/Archives/edgar/data/70858/000119312503076385/0001193125-03-076385-index.htm", "date": "2003-09-30", "netIncomeRatio": 0.2999076259878887, "grossProfitRatio": 1.0, "interestExpense": -2551000000, "eps": 5.41, "epsdiluted": 5.31, "depreciationAndAmortization": 213000000, "costOfRevenue": 0.0, "operatingIncomeRatio": 0.43672380170378733, "operatingIncome": 4255000000}, {"finalLink": "https://www.sec.gov/Archives/edgar/data/70858/000119312503030889/d10q.htm", "sellingAndMarketingExpenses": 238000000, "revenue": 9620000000, "researchAndDevelopmentExpenses": 0.0, "acceptedDate": "2003-08-07 16:21:00", "fillingDate": "2003-08-07", "weightedAverageShsOutDil": 1522713864, "costAndExpenses": 238000000, "ebitda": 4309000000, "ebitdaratio": 0.44792099792099793, "incomeBeforeTaxRatio": 0.42474012474012474, "incomeTaxExpense": 1348000000, "totalOtherIncomeExpensesNet": 372000000, "grossProfit": 9620000000, "otherExpenses": 0.0, "incomeBeforeTax": 4086000000, "operatingExpenses": 238000000, "generalAndAdministrativeExpenses": 0.0, "netIncome": 2738000000, "symbol": "BAC", "weightedAverageShsOut": 1496231884, "period": "Q2", "link": "https://www.sec.gov/Archives/edgar/data/70858/000119312503030889/0001193125-03-030889-index.htm", "date": "2003-06-30", "netIncomeRatio": 0.2846153846153846, "grossProfitRatio": 1.0, "interestExpense": -2630000000, "eps": 3.45, "epsdiluted": 3.39, "depreciationAndAmortization": 223000000, "costOfRevenue": 0.0, "operatingIncomeRatio": 0.42474012474012474, "operatingIncome": 4086000000}, {"finalLink": "https://www.sec.gov/Archives/edgar/data/70858/000095016803001689/d10q.htm", "sellingAndMarketingExpenses": 230000000, "revenue": 8894000000, "researchAndDevelopmentExpenses": 0.0, "acceptedDate": "2003-05-13 11:24:59", "fillingDate": "2003-05-13", "weightedAverageShsOutDil": 1524528301, "costAndExpenses": 230000000, "ebitda": 3841000000, "ebitdaratio": 0.43186417809759386, "incomeBeforeTaxRatio": 0.4066786597706319, "incomeTaxExpense": 1193000000, "totalOtherIncomeExpensesNet": 363000000, "grossProfit": 8894000000, "otherExpenses": 0.0, "incomeBeforeTax": 3617000000, "operatingExpenses": 230000000, "generalAndAdministrativeExpenses": 0.0, "netIncome": 2424000000, "symbol": "BAC", "weightedAverageShsOut": 1496296296, "period": "Q1", "link": "https://www.sec.gov/Archives/edgar/data/70858/000095016803001689/0000950168-03-001689-index.htm", "date": "2003-03-31", "netIncomeRatio": 0.2725432876096245, "grossProfitRatio": 1.0, "interestExpense": -2516000000, "eps": 1.62, "epsdiluted": 1.59, "depreciationAndAmortization": 224000000, "costOfRevenue": 0.0, "operatingIncomeRatio": 0.4066786597706319, "operatingIncome": 3617000000}, {"finalLink": "https://www.sec.gov/Archives/edgar/data/70858/000102140803003673/d10k.htm", "sellingAndMarketingExpenses": 203000000, "revenue": 8804000000, "researchAndDevelopmentExpenses": 0.0, "acceptedDate": "2003-03-03 17:00:32", "fillingDate": "2003-03-03", "weightedAverageShsOutDil": 1564974619, "costAndExpenses": 203000000, "ebitda": 3334000000, "ebitdaratio": 0.37869150386188094, "incomeBeforeTaxRatio": 0.353362108132667, "incomeTaxExpense": 497000000, "totalOtherIncomeExpensesNet": 371000000, "grossProfit": 8804000000, "otherExpenses": 0.0, "incomeBeforeTax": 3111000000, "operatingExpenses": 203000000, "generalAndAdministrativeExpenses": 0.0, "netIncome": 2614000000, "symbol": "BAC", "weightedAverageShsOut": 1521217105, "period": "FY", "link": "https://www.sec.gov/Archives/edgar/data/70858/000102140803003673/0001021408-03-003673-index.htm", "date": "2002-12-31", "netIncomeRatio": 0.2969104952294412, "grossProfitRatio": 1.0, "interestExpense": -2747000000, "eps": 6.08, "epsdiluted": 5.91, "depreciationAndAmortization": 223000000, "costOfRevenue": 0.0, "operatingIncomeRatio": 0.353362108132667, "operatingIncome": 3111000000}, {"finalLink": "https://www.sec.gov/Archives/edgar/data/70858/000095010902005581/d10q.htm", "sellingAndMarketingExpenses": 210000000, "revenue": 8522000000, "researchAndDevelopmentExpenses": 0.0, "acceptedDate": "2002-11-08 14:45:16", "fillingDate": "2002-11-08", "weightedAverageShsOutDil": 1572274881, "costAndExpenses": 210000000, "ebitda": 3510000000, "ebitdaratio": 0.4118751466791833, "incomeBeforeTaxRatio": 0.3857075803801924, "incomeTaxExpense": 1052000000, "totalOtherIncomeExpensesNet": 345000000, "grossProfit": 8522000000, "otherExpenses": 0.0, "incomeBeforeTax": 3287000000, "operatingExpenses": 210000000, "generalAndAdministrativeExpenses": 0.0, "netIncome": 2235000000, "symbol": "BAC", "weightedAverageShsOut": 1528801843, "period": "Q3", "link": "https://www.sec.gov/Archives/edgar/data/70858/000095010902005581/0000950109-02-005581-index.htm", "date": "2002-09-30", "netIncomeRatio": 0.2622623797230697, "grossProfitRatio": 1.0, "interestExpense": -2883000000, "eps": 4.34, "epsdiluted": 4.22, "depreciationAndAmortization": 223000000, "costOfRevenue": 0.0, "operatingIncomeRatio": 0.3857075803801924, "operatingIncome": 3287000000}]