[{"finalLink": "https://www.sec.gov/Archives/edgar/data/1373715/000137371520000101/now-20200331x10q.htm", "sellingAndMarketingExpenses": 441234000, "revenue": 1046340000, "researchAndDevelopmentExpenses": 226657000, "acceptedDate": "2020-04-30 08:07:04", "fillingDate": "2020-04-30", "weightedAverageShsOutDil": 199938000, "costAndExpenses": 997005000, "ebitda": 183624000, "ebitdaratio": 0.175491713974, "incomeBeforeTaxRatio": 0.0462201578837, "incomeTaxExpense": 100000.0, "totalOtherIncomeExpensesNet": 7597000.0, "grossProfit": 822974000, "otherExpenses": 0.0, "incomeBeforeTax": 48362000, "operatingExpenses": 773639000, "generalAndAdministrativeExpenses": 105748000, "netIncome": 48231000, "symbol": "NOW", "weightedAverageShsOut": 190163000, "period": "Q1", "link": "https://www.sec.gov/Archives/edgar/data/1373715/000137371520000101/0001373715-20-000101-index.htm", "date": "2020-03-31", "netIncomeRatio": 0.0460949595734, "grossProfitRatio": 0.7865263681021465, "interestExpense": 8570000.0, "eps": 0.25, "epsdiluted": 0.24, "depreciationAndAmortization": 134289000, "costOfRevenue": 223366000, "operatingIncomeRatio": 0.0471500659441, "operatingIncome": 49335000}, {"finalLink": "https://www.sec.gov/Archives/edgar/data/1373715/000137371520000072/now-20191231x10kxinpro.htm", "sellingAndMarketingExpenses": 416005000, "revenue": 951774000, "researchAndDevelopmentExpenses": 202328000, "acceptedDate": "2020-02-20 07:38:20", "fillingDate": "2020-02-20", "weightedAverageShsOutDil": 197223000, "costAndExpenses": 923262000, "ebitda": 155106000, "ebitdaratio": 0.162965157695, "incomeBeforeTaxRatio": 0.03591819066290947, "incomeTaxExpense": -564538000, "totalOtherIncomeExpensesNet": 14149000, "grossProfit": 740321000, "otherExpenses": 14149000, "incomeBeforeTax": 34186000, "operatingExpenses": 711809000, "generalAndAdministrativeExpenses": 93476000, "netIncome": 598724000, "symbol": "NOW", "weightedAverageShsOut": 186466000, "period": "FY", "link": "https://www.sec.gov/Archives/edgar/data/1373715/000137371520000072/0001373715-20-000072-index.htm", "date": "2019-12-31", "netIncomeRatio": 0.629061100639, "grossProfitRatio": 0.777832762819745, "interestExpense": 8475000.0, "eps": 3.21, "epsdiluted": 3.04, "depreciationAndAmortization": 126594000, "costOfRevenue": 211453000, "operatingIncomeRatio": 0.0299566913994, "operatingIncome": 28512000}, {"finalLink": "https://www.sec.gov/Archives/edgar/data/1373715/000137371519000267/now-20190930x10q.htm", "sellingAndMarketingExpenses": 362975000, "revenue": 885833000, "researchAndDevelopmentExpenses": 190099000, "acceptedDate": "2019-10-24 18:49:57", "fillingDate": "2019-10-25", "weightedAverageShsOutDil": 196738774, "costAndExpenses": 829509000, "ebitda": 171396000, "ebitdaratio": 0.193485679581, "incomeBeforeTaxRatio": 0.0685208160003, "incomeTaxExpense": 20100000, "totalOtherIncomeExpensesNet": 12817000, "grossProfit": 685040000, "otherExpenses": 12817000, "incomeBeforeTax": 60698000, "operatingExpenses": 628716000, "generalAndAdministrativeExpenses": 75642000, "netIncome": 40598000, "symbol": "NOW", "weightedAverageShsOut": 185676049, "period": "Q3", "link": "https://www.sec.gov/Archives/edgar/data/1373715/000137371519000267/0001373715-19-000267-index.htm", "date": "2019-09-30", "netIncomeRatio": 0.0458303088731, "grossProfitRatio": 0.7733286070850827, "interestExpense": 8371000.0, "eps": 0.22, "epsdiluted": 0.21, "depreciationAndAmortization": 115072000, "costOfRevenue": 200793000, "operatingIncomeRatio": 0.063583090718, "operatingIncome": 56324000}, {"finalLink": "https://www.sec.gov/Archives/edgar/data/1373715/000137371519000208/now-20190630x10q.htm", "sellingAndMarketingExpenses": 393895000, "revenue": 833904000, "researchAndDevelopmentExpenses": 183420000, "acceptedDate": "2019-08-06 16:19:52", "fillingDate": "2019-08-06", "weightedAverageShsOutDil": 184418903, "costAndExpenses": 860904000, "ebitda": 81571000, "ebitdaratio": 0.097818214087, "incomeBeforeTaxRatio": -0.01956460216044053, "incomeTaxExpense": -15147000, "totalOtherIncomeExpensesNet": 18954000, "grossProfit": 635757000, "otherExpenses": 18954000, "incomeBeforeTax": -16315000, "operatingExpenses": 662757000, "generalAndAdministrativeExpenses": 85442000, "netIncome": -11079000, "symbol": "NOW", "weightedAverageShsOut": 185676049, "period": "Q2", "link": "https://www.sec.gov/Archives/edgar/data/1373715/000137371519000208/0001373715-19-000208-index.htm", "date": "2019-06-30", "netIncomeRatio": -0.013285701951303748, "grossProfitRatio": 0.7623863178495366, "interestExpense": 8269000.0, "eps": -0.06, "epsdiluted": -0.06, "depreciationAndAmortization": 108571000, "costOfRevenue": 198147000, "operatingIncomeRatio": -0.03237782766361596, "operatingIncome": -27000000}, {"finalLink": "https://www.sec.gov/Archives/edgar/data/1373715/000137371519000116/now-20190331x10q.htm", "sellingAndMarketingExpenses": 361409000, "revenue": 788926000, "researchAndDevelopmentExpenses": 172522000, "acceptedDate": "2019-05-03 16:36:13", "fillingDate": "2019-05-03", "weightedAverageShsOutDil": 182061579, "costAndExpenses": 804639000, "ebitda": 87461000, "ebitdaratio": 0.110860841194, "incomeBeforeTaxRatio": -0.014521007039950516, "incomeTaxExpense": -9900000.0, "totalOtherIncomeExpensesNet": 12425000, "grossProfit": 602674000, "otherExpenses": 12425000, "incomeBeforeTax": -11456000, "operatingExpenses": 618387000, "generalAndAdministrativeExpenses": 84456000, "netIncome": -1545000.0, "symbol": "NOW", "weightedAverageShsOut": 182061579, "period": "Q1", "link": "https://www.sec.gov/Archives/edgar/data/1373715/000137371519000116/0001373715-19-000116-index.htm", "date": "2019-03-31", "netIncomeRatio": -0.0019583585786246112, "grossProfitRatio": 0.7639170213682905, "interestExpense": 8168000.0, "eps": -0.01, "epsdiluted": -0.01, "depreciationAndAmortization": 103174000, "costOfRevenue": 186252000, "operatingIncomeRatio": -0.019916950385714248, "operatingIncome": -15713000}, {"finalLink": "https://www.sec.gov/Archives/edgar/data/1373715/000137371519000070/now-20181231x10k.htm", "sellingAndMarketingExpenses": 319163000, "revenue": 715441000, "researchAndDevelopmentExpenses": 148662000, "acceptedDate": "2019-02-27 08:09:32", "fillingDate": "2019-02-27", "weightedAverageShsOutDil": 177846023, "costAndExpenses": 715163000, "ebitda": 88319000, "ebitdaratio": 0.123446936924, "incomeBeforeTaxRatio": 0.0027325803245830194, "incomeTaxExpense": -5060000.0, "totalOtherIncomeExpensesNet": 10615000, "grossProfit": 547279000, "otherExpenses": 10615000, "incomeBeforeTax": 1955000.0, "operatingExpenses": 547001000, "generalAndAdministrativeExpenses": 79176000, "netIncome": 7015000.0, "symbol": "NOW", "weightedAverageShsOut": 182061579, "period": "FY", "link": "https://www.sec.gov/Archives/edgar/data/1373715/000137371519000070/0001373715-19-000070-index.htm", "date": "2018-12-31", "netIncomeRatio": 0.00980514116468, "grossProfitRatio": 0.7649533644283736, "interestExpense": 8938000.0, "eps": 0.04, "epsdiluted": 0.04, "depreciationAndAmortization": 88041000, "costOfRevenue": 168162000, "operatingIncomeRatio": 0.000388571524416, "operatingIncome": 278000.0}, {"finalLink": "https://www.sec.gov/Archives/edgar/data/1373715/000137371518000195/now-2018930x10q.htm", "sellingAndMarketingExpenses": 289323000, "revenue": 673097000, "researchAndDevelopmentExpenses": 135655000, "acceptedDate": "2018-11-07 16:12:36", "fillingDate": "2018-11-07", "weightedAverageShsOutDil": 177198179, "costAndExpenses": 663529000, "ebitda": 101738000, "ebitdaratio": 0.151149091439, "incomeBeforeTaxRatio": 0.0107413938853, "incomeTaxExpense": -1175000.0, "totalOtherIncomeExpensesNet": 8895000.0, "grossProfit": 515239000, "otherExpenses": 8895000.0, "incomeBeforeTax": 7230000.0, "operatingExpenses": 505671000, "generalAndAdministrativeExpenses": 80693000, "netIncome": 8405000.0, "symbol": "NOW", "weightedAverageShsOut": 177198179, "period": "Q3", "link": "https://www.sec.gov/Archives/edgar/data/1373715/000137371518000195/0001373715-18-000195-index.htm", "date": "2018-09-30", "netIncomeRatio": 0.0124870561004, "grossProfitRatio": 0.7654751098281526, "interestExpense": 11233000, "eps": 0.05, "epsdiluted": 0.05, "depreciationAndAmortization": 92170000, "costOfRevenue": 157858000, "operatingIncomeRatio": 0.0142148902758, "operatingIncome": 9568000.0}, {"finalLink": "https://www.sec.gov/Archives/edgar/data/1373715/000137371518000157/now-2018630x10q.htm", "sellingAndMarketingExpenses": 310869000, "revenue": 631056000, "researchAndDevelopmentExpenses": 127916000, "acceptedDate": "2018-08-08 16:09:35", "fillingDate": "2018-08-08", "weightedAverageShsOutDil": 176418984, "costAndExpenses": 663045000, "ebitda": 52601000, "ebitdaratio": 0.0833539337238, "incomeBeforeTaxRatio": -0.06473118075099515, "incomeTaxExpense": 11897000, "totalOtherIncomeExpensesNet": 6638000.0, "grossProfit": 477891000, "otherExpenses": 6638000.0, "incomeBeforeTax": -40849000, "operatingExpenses": 509880000, "generalAndAdministrativeExpenses": 71095000, "netIncome": -52746000, "symbol": "NOW", "weightedAverageShsOut": 177198179, "period": "Q2", "link": "https://www.sec.gov/Archives/edgar/data/1373715/000137371518000157/0001373715-18-000157-index.htm", "date": "2018-06-30", "netIncomeRatio": -0.0835837073096524, "grossProfitRatio": 0.7572877842853883, "interestExpense": 15498000, "eps": -0.3, "epsdiluted": -0.3, "depreciationAndAmortization": 84590000, "costOfRevenue": 153165000, "operatingIncomeRatio": -0.050691222332090974, "operatingIncome": -31989000}, {"finalLink": "https://www.sec.gov/Archives/edgar/data/1373715/000137371518000087/now-2018331x10q.htm", "sellingAndMarketingExpenses": 283701000, "revenue": 589222000, "researchAndDevelopmentExpenses": 117268000, "acceptedDate": "2018-05-08 08:10:28", "fillingDate": "2018-05-08", "weightedAverageShsOutDil": 190249786, "costAndExpenses": 609505000, "ebitda": 60611000, "ebitdaratio": 0.102866152316, "incomeBeforeTaxRatio": -0.01249104751689516, "incomeTaxExpense": -17982000, "totalOtherIncomeExpensesNet": 29987000, "grossProfit": 445749000, "otherExpenses": 29987000, "incomeBeforeTax": -7360000.0, "operatingExpenses": 466032000, "generalAndAdministrativeExpenses": 65063000, "netIncome": 10622000, "symbol": "NOW", "weightedAverageShsOut": 175482833, "period": "Q1", "link": "https://www.sec.gov/Archives/edgar/data/1373715/000137371518000087/0001373715-18-000087-index.htm", "date": "2018-03-31", "netIncomeRatio": 0.0180271612397, "grossProfitRatio": 0.7565043396207202, "interestExpense": 17064000, "eps": 0.06, "epsdiluted": 0.06, "depreciationAndAmortization": 80894000, "costOfRevenue": 143473000, "operatingIncomeRatio": -0.0344233582588566, "operatingIncome": -20283000}, {"finalLink": "https://www.sec.gov/Archives/edgar/data/1373715/000137371518000058/now-20171231x10k.htm", "sellingAndMarketingExpenses": 260292000, "revenue": 546370000, "researchAndDevelopmentExpenses": 104559000, "acceptedDate": "2018-02-28 17:25:56", "fillingDate": "2018-02-28", "weightedAverageShsOutDil": 170359717, "costAndExpenses": 559502000, "ebitda": -211772000, "ebitdaratio": 0.0795857083516, "incomeBeforeTaxRatio": -0.045536907224042314, "incomeTaxExpense": 2801000.0, "totalOtherIncomeExpensesNet": 5065000.0, "grossProfit": 412010000, "otherExpenses": 5065000.0, "incomeBeforeTax": 124124000, "operatingExpenses": 425142000, "generalAndAdministrativeExpenses": 60291000, "netIncome": 121323000, "symbol": "NOW", "weightedAverageShsOut": 170359717, "period": "FY", "link": "https://www.sec.gov/Archives/edgar/data/1373715/000137371518000058/0001373715-18-000058-index.htm", "date": "2018-02-28", "netIncomeRatio": -0.050894082764427036, "grossProfitRatio": 0.7540860588978165, "interestExpense": -36581000, "eps": 0.71, "epsdiluted": 0.71, "depreciationAndAmortization": -198640000, "costOfRevenue": 134360000, "operatingIncomeRatio": -0.024034994600728443, "operatingIncome": 88282000}, {"finalLink": "https://www.sec.gov/Archives/edgar/data/1373715/000137371517000164/now-2017930x10q.htm", "sellingAndMarketingExpenses": 227015000, "revenue": 498170000, "researchAndDevelopmentExpenses": 98465000, "acceptedDate": "2017-11-06 17:30:56", "fillingDate": "2017-11-06", "weightedAverageShsOutDil": 170359717, "costAndExpenses": 505225000, "ebitda": 68576000, "ebitdaratio": 0.137655820302, "incomeBeforeTaxRatio": -0.04570327398277697, "incomeTaxExpense": 1420000.0, "totalOtherIncomeExpensesNet": 853000.0, "grossProfit": 370890000, "otherExpenses": 853000.0, "incomeBeforeTax": -22768000, "operatingExpenses": 377945000, "generalAndAdministrativeExpenses": 52465000, "netIncome": -24188000, "symbol": "NOW", "weightedAverageShsOut": 175482833, "period": "Q3", "link": "https://www.sec.gov/Archives/edgar/data/1373715/000137371517000164/0001373715-17-000164-index.htm", "date": "2017-09-30", "netIncomeRatio": -0.048553706566031675, "grossProfitRatio": 0.7445048878896762, "interestExpense": 16566000, "eps": -0.14, "epsdiluted": -0.14, "depreciationAndAmortization": 75631000, "costOfRevenue": 127280000, "operatingIncomeRatio": -0.014161832306240841, "operatingIncome": -7055000.0}, {"finalLink": "https://www.sec.gov/Archives/edgar/data/1373715/000137371517000125/now-2017630x10q.htm", "sellingAndMarketingExpenses": 247224000, "revenue": 471703000, "researchAndDevelopmentExpenses": 90005000, "acceptedDate": "2017-08-08 16:48:07", "fillingDate": "2017-08-08", "weightedAverageShsOutDil": 169585356, "costAndExpenses": 510440000, "ebitda": 24188000, "ebitdaratio": 0.0512780287596, "incomeBeforeTaxRatio": -0.12275520825604247, "incomeTaxExpense": 2790000.0, "totalOtherIncomeExpensesNet": -7830000.0, "grossProfit": 350018000, "otherExpenses": -7830000.0, "incomeBeforeTax": -57904000, "operatingExpenses": 388755000, "generalAndAdministrativeExpenses": 51526000, "netIncome": -56473000, "symbol": "NOW", "weightedAverageShsOut": 175482833, "period": "Q2", "link": "https://www.sec.gov/Archives/edgar/data/1373715/000137371517000125/0001373715-17-000125-index.htm", "date": "2017-06-30", "netIncomeRatio": -0.11972151968505607, "grossProfitRatio": 0.7420304725643042, "interestExpense": 11337000, "eps": -0.33, "epsdiluted": -0.33, "depreciationAndAmortization": 62925000, "costOfRevenue": 121685000, "operatingIncomeRatio": -0.08212158922033568, "operatingIncome": -38737000}, {"finalLink": "https://www.sec.gov/Archives/edgar/data/1373715/000137371517000050/now-2017331x10q.htm", "sellingAndMarketingExpenses": 212086000, "revenue": 416783000, "researchAndDevelopmentExpenses": 84489000, "acceptedDate": "2017-05-05 17:24:17", "fillingDate": "2017-05-05", "weightedAverageShsOutDil": 168742366, "costAndExpenses": 459273000, "ebitda": 17594000, "ebitdaratio": 0.0422138139032, "incomeBeforeTaxRatio": -0.10425569181084642, "incomeTaxExpense": -2790000.0, "totalOtherIncomeExpensesNet": 7716000.0, "grossProfit": 300336000, "otherExpenses": 7716000.0, "incomeBeforeTax": -43452000, "operatingExpenses": 342826000, "generalAndAdministrativeExpenses": 46251000, "netIncome": -40662000, "symbol": "NOW", "weightedAverageShsOut": 168742366, "period": "Q1", "link": "https://www.sec.gov/Archives/edgar/data/1373715/000137371517000050/0001373715-17-000050-index.htm", "date": "2017-03-31", "netIncomeRatio": -0.09756156081222123, "grossProfitRatio": 0.7206052070261982, "interestExpense": 8678000.0, "eps": -0.24, "epsdiluted": -0.24, "depreciationAndAmortization": 60084000, "costOfRevenue": 116447000, "operatingIncomeRatio": -0.1019475362478796, "operatingIncome": -42490000}, {"finalLink": "https://www.sec.gov/Archives/edgar/data/1373715/000137371517000026/now-20161231x10k.htm", "sellingAndMarketingExpenses": 188857000, "revenue": 385666000, "researchAndDevelopmentExpenses": 73933000, "acceptedDate": "2017-02-28 16:57:49", "fillingDate": "2017-02-28", "weightedAverageShsOutDil": 164533823, "costAndExpenses": 409269000, "ebitda": 31770000, "ebitdaratio": 0.082376979044, "incomeBeforeTaxRatio": -0.07997853064568823, "incomeTaxExpense": 1744000.0, "totalOtherIncomeExpensesNet": 1290000.0, "grossProfit": 280730000, "otherExpenses": 0.0, "incomeBeforeTax": -30845000, "operatingExpenses": 304333000, "generalAndAdministrativeExpenses": 41543000, "netIncome": -32589000, "symbol": "NOW", "weightedAverageShsOut": 175482833, "period": "FY", "link": "https://www.sec.gov/Archives/edgar/data/1373715/000137371517000026/0001373715-17-000026-index.htm", "date": "2016-12-31", "netIncomeRatio": -0.0845005782205328, "grossProfitRatio": 0.7279096420218532, "interestExpense": 8532000.0, "eps": -0.19, "epsdiluted": -0.19, "depreciationAndAmortization": 55373000, "costOfRevenue": 104936000, "operatingIncomeRatio": -0.06120062437445873, "operatingIncome": -23603000}, {"finalLink": "https://www.sec.gov/Archives/edgar/data/1373715/000137371516000426/now-2016930x10q.htm", "sellingAndMarketingExpenses": 166491000, "revenue": 357656000, "researchAndDevelopmentExpenses": 75018000, "acceptedDate": "2016-11-04 17:23:06", "fillingDate": "2016-11-04", "weightedAverageShsOutDil": 163767329, "costAndExpenses": 384431000, "ebitda": 24663000, "ebitdaratio": 0.0689573221196, "incomeBeforeTaxRatio": -0.4171647190785342, "incomeTaxExpense": 2877000.0, "totalOtherIncomeExpensesNet": 1783000.0, "grossProfit": 254819000, "otherExpenses": 269958000, "incomeBeforeTax": -419145000, "operatingExpenses": 281594000, "generalAndAdministrativeExpenses": 40085000, "netIncome": -419154000, "symbol": "NOW", "weightedAverageShsOut": 163767329, "period": "Q3", "link": "https://www.sec.gov/Archives/edgar/data/1373715/000137371516000426/0001373715-16-000426-index.htm", "date": "2016-09-30", "netIncomeRatio": -0.41717367655738213, "grossProfitRatio": 0.712469523788221, "interestExpense": 8389000.0, "eps": -0.21, "epsdiluted": -0.21, "depreciationAndAmortization": 51438000, "costOfRevenue": 102837000, "operatingIncomeRatio": -0.39726120107848045, "operatingIncome": -399147000}, {"finalLink": "https://www.sec.gov/Archives/edgar/data/1373715/000137371516000394/now-2016630x10q.htm", "sellingAndMarketingExpenses": 186506000, "revenue": 341312000, "researchAndDevelopmentExpenses": 70364000, "acceptedDate": "2016-08-03 16:57:58", "fillingDate": "2016-08-03", "weightedAverageShsOutDil": 162952721, "costAndExpenses": 389590000, "ebitda": 47114000, "ebitdaratio": 471.14, "incomeBeforeTaxRatio": -0.61, "incomeTaxExpense": -4641000.0, "totalOtherIncomeExpensesNet": 2260000.0, "grossProfit": 244663000, "otherExpenses": 42000.0, "incomeBeforeTax": -61000.0, "operatingExpenses": 292941000, "generalAndAdministrativeExpenses": 36071000, "netIncome": -61000.0, "symbol": "NOW", "weightedAverageShsOut": 162952721, "period": "Q2", "link": "https://www.sec.gov/Archives/edgar/data/1373715/000137371516000394/0001373715-16-000394-index.htm", "date": "2016-06-30", "netIncomeRatio": -0.61, "grossProfitRatio": 0.7168309347459216, "interestExpense": 8248000.0, "eps": -0.29, "epsdiluted": -0.29, "depreciationAndAmortization": 47172000, "costOfRevenue": 96649000, "operatingIncomeRatio": -0.58, "operatingIncome": -58000.0}, {"finalLink": "https://www.sec.gov/Archives/edgar/data/1373715/000137371516000364/now-2016331x10q.htm", "sellingAndMarketingExpenses": 158610000, "revenue": 305879000, "researchAndDevelopmentExpenses": 65924000, "acceptedDate": "2016-05-06 16:43:13", "fillingDate": "2016-05-06", "weightedAverageShsOutDil": 162067108, "costAndExpenses": 630031000, "ebitda": 43488000, "ebitdaratio": 434.88, "incomeBeforeTaxRatio": -1.09, "incomeTaxExpense": 1773000.0, "totalOtherIncomeExpensesNet": 702000.0, "grossProfit": 211619000, "otherExpenses": 270000000, "incomeBeforeTax": -109000.0, "operatingExpenses": 535771000, "generalAndAdministrativeExpenses": 41237000, "netIncome": -110000.0, "symbol": "NOW", "weightedAverageShsOut": 175482833, "period": "Q1", "link": "https://www.sec.gov/Archives/edgar/data/1373715/000137371516000364/0001373715-16-000364-index.htm", "date": "2016-03-31", "netIncomeRatio": -1.1, "grossProfitRatio": 0.6918389297728841, "interestExpense": 8109000.0, "eps": -2.06, "epsdiluted": -2.06, "depreciationAndAmortization": 43594000, "costOfRevenue": 94260000, "operatingIncomeRatio": -1.06, "operatingIncome": -106000.0}, {"finalLink": "https://www.sec.gov/Archives/edgar/data/1373715/000137371516000324/now-20151231x10k.htm", "sellingAndMarketingExpenses": 133909000, "revenue": 285650000, "researchAndDevelopmentExpenses": 58443000, "acceptedDate": "2016-02-25 17:24:05", "fillingDate": "2016-02-25", "weightedAverageShsOutDil": 155706643, "costAndExpenses": 316508000, "ebitda": 16380000, "ebitdaratio": 0.057342902153, "incomeBeforeTaxRatio": 0.0236828286364, "incomeTaxExpense": 1724000.0, "totalOtherIncomeExpensesNet": 26301000, "grossProfit": 194741000, "otherExpenses": 4452000.0, "incomeBeforeTax": 6765000.0, "operatingExpenses": 225599000, "generalAndAdministrativeExpenses": 33247000, "netIncome": -198404000, "symbol": "NOW", "weightedAverageShsOut": 175482833, "period": "FY", "link": "https://www.sec.gov/Archives/edgar/data/1373715/000137371516000324/0001373715-16-000324-index.htm", "date": "2015-12-31", "netIncomeRatio": -0.1973422984344228, "grossProfitRatio": 0.6817468930509365, "interestExpense": 31097000, "eps": -0.23, "epsdiluted": -0.23, "depreciationAndAmortization": 47238000, "costOfRevenue": 90909000, "operatingIncomeRatio": -0.16545584754023354, "operatingIncome": -166346000}, {"finalLink": "https://www.sec.gov/Archives/edgar/data/1373715/000137371515000260/now-2015930x10q.htm", "sellingAndMarketingExpenses": 117899000, "revenue": 261150000, "researchAndDevelopmentExpenses": 55822000, "acceptedDate": "2015-11-04 16:37:14", "fillingDate": "2015-11-04", "weightedAverageShsOutDil": 154352037, "costAndExpenses": 289190000, "ebitda": 9905000.0, "ebitdaratio": 0.0379283936435, "incomeBeforeTaxRatio": -0.21, "incomeTaxExpense": 1199000.0, "totalOtherIncomeExpensesNet": -11791000, "grossProfit": 179262000, "otherExpenses": -2000.0, "incomeBeforeTax": -21000.0, "operatingExpenses": 207302000, "generalAndAdministrativeExpenses": 33581000, "netIncome": -22000.0, "symbol": "NOW", "weightedAverageShsOut": 154352037, "period": "Q3", "link": "https://www.sec.gov/Archives/edgar/data/1373715/000137371515000260/0001373715-15-000260-index.htm", "date": "2015-09-30", "netIncomeRatio": -0.22, "grossProfitRatio": 0.6864330844342332, "interestExpense": 0.0, "eps": -0.26, "epsdiluted": -0.26, "depreciationAndAmortization": 37945000, "costOfRevenue": 81888000, "operatingIncomeRatio": -0.19, "operatingIncome": -19000.0}, {"finalLink": "https://www.sec.gov/Archives/edgar/data/1373715/000137371515000199/now-2015630x10q.htm", "sellingAndMarketingExpenses": 136574000, "revenue": 246716000, "researchAndDevelopmentExpenses": 53276000, "acceptedDate": "2015-08-06 16:33:55", "fillingDate": "2015-08-06", "weightedAverageShsOutDil": 153041433, "costAndExpenses": 299951000, "ebitda": 36619000, "ebitdaratio": 366.19, "incomeBeforeTaxRatio": -0.25, "incomeTaxExpense": 1504000.0, "totalOtherIncomeExpensesNet": -7186000.0, "grossProfit": 166999000, "otherExpenses": -2000.0, "incomeBeforeTax": -25000.0, "operatingExpenses": 220234000, "generalAndAdministrativeExpenses": 30384000, "netIncome": -26000.0, "symbol": "NOW", "weightedAverageShsOut": 153041433, "period": "Q2", "link": "https://www.sec.gov/Archives/edgar/data/1373715/000137371515000199/0001373715-15-000199-index.htm", "date": "2015-06-30", "netIncomeRatio": -0.26, "grossProfitRatio": 0.6768875954538822, "interestExpense": 0.0, "eps": -0.4, "epsdiluted": -0.4, "depreciationAndAmortization": 36642000, "costOfRevenue": 79717000, "operatingIncomeRatio": -0.23, "operatingIncome": -23000.0}, {"finalLink": "https://www.sec.gov/Archives/edgar/data/1373715/000137371515000122/now-2015331x10q.htm", "sellingAndMarketingExpenses": 110057000, "revenue": 211964000, "researchAndDevelopmentExpenses": 49848000, "acceptedDate": "2015-05-06 18:07:12", "fillingDate": "2015-05-07", "weightedAverageShsOutDil": 151601880, "costAndExpenses": 266196000, "ebitda": 35143000, "ebitdaratio": 351.43, "incomeBeforeTaxRatio": -0.27, "incomeTaxExpense": 987000.0, "totalOtherIncomeExpensesNet": -2874000.0, "grossProfit": 135065000, "otherExpenses": -1000.0, "incomeBeforeTax": -27000.0, "operatingExpenses": 189297000, "generalAndAdministrativeExpenses": 29392000, "netIncome": -27000.0, "symbol": "NOW", "weightedAverageShsOut": 151601880, "period": "Q1", "link": "https://www.sec.gov/Archives/edgar/data/1373715/000137371515000122/0001373715-15-000122-index.htm", "date": "2015-03-31", "netIncomeRatio": -0.27, "grossProfitRatio": 0.6372072616104622, "interestExpense": 0.0, "eps": -0.38, "epsdiluted": -0.38, "depreciationAndAmortization": 35169000, "costOfRevenue": 76899000, "operatingIncomeRatio": -0.26, "operatingIncome": -26000.0}, {"finalLink": "https://www.sec.gov/Archives/edgar/data/1373715/000137371515000067/now-20141231x10k.htm", "sellingAndMarketingExpenses": 95764000, "revenue": 198004000, "researchAndDevelopmentExpenses": 42026000, "acceptedDate": "2015-02-27 08:27:10", "fillingDate": "2015-02-27", "weightedAverageShsOutDil": 145355543, "costAndExpenses": 234688000, "ebitda": 5008000.0, "ebitdaratio": 0.025292418335, "incomeBeforeTaxRatio": 0.117204702935, "incomeTaxExpense": 1417000.0, "totalOtherIncomeExpensesNet": -6562000.0, "grossProfit": 127366000, "otherExpenses": -6562000.0, "incomeBeforeTax": 23207000, "operatingExpenses": 164050000, "generalAndAdministrativeExpenses": 26260000, "netIncome": -44663000, "symbol": "NOW", "weightedAverageShsOut": 175482833, "period": "FY", "link": "https://www.sec.gov/Archives/edgar/data/1373715/000137371515000067/0001373715-15-000067-index.htm", "date": "2014-12-31", "netIncomeRatio": -0.22556615017878426, "grossProfitRatio": 0.6432496313205793, "interestExpense": 0.0, "eps": -0.3, "epsdiluted": -0.3, "depreciationAndAmortization": 41692000, "costOfRevenue": 70638000, "operatingIncomeRatio": -0.1852689844649603, "operatingIncome": -36684000}, {"finalLink": "https://www.sec.gov/Archives/edgar/data/1373715/000137371514000207/now-2014930x10q.htm", "sellingAndMarketingExpenses": 84002000, "revenue": 178712000, "researchAndDevelopmentExpenses": 39683000, "acceptedDate": "2014-11-05 13:11:01", "fillingDate": "2014-11-05", "weightedAverageShsOutDil": 144239844, "costAndExpenses": 213211000, "ebitda": -4492000.0, "ebitdaratio": -0.025135413402569497, "incomeBeforeTaxRatio": -0.22633063252607546, "incomeTaxExpense": 602000.0, "totalOtherIncomeExpensesNet": -5949000.0, "grossProfit": 112626000, "otherExpenses": -5949000.0, "incomeBeforeTax": -40448000, "operatingExpenses": 147125000, "generalAndAdministrativeExpenses": 23440000, "netIncome": -41050000, "symbol": "NOW", "weightedAverageShsOut": 144239844, "period": "Q3", "link": "https://www.sec.gov/Archives/edgar/data/1373715/000137371514000207/0001373715-14-000207-index.htm", "date": "2014-09-30", "netIncomeRatio": -0.2296991808048704, "grossProfitRatio": 0.6302094990823224, "interestExpense": 0.0, "eps": -0.28, "epsdiluted": -0.28, "depreciationAndAmortization": 30007000, "costOfRevenue": 66086000, "operatingIncomeRatio": -0.19304243699359863, "operatingIncome": -34499000}, {"finalLink": "https://www.sec.gov/Archives/edgar/data/1373715/000137371514000151/now-2014630x10q.htm", "sellingAndMarketingExpenses": 91937000, "revenue": 166757000, "researchAndDevelopmentExpenses": 35439000, "acceptedDate": "2014-08-07 13:15:17", "fillingDate": "2014-08-07", "weightedAverageShsOutDil": 143267181, "costAndExpenses": 211228000, "ebitda": -18136000, "ebitdaratio": -0.10875705367690712, "incomeBeforeTaxRatio": -0.29805045665249436, "incomeTaxExpense": 661000.0, "totalOtherIncomeExpensesNet": -5231000.0, "grossProfit": 107819000, "otherExpenses": -5231000.0, "incomeBeforeTax": -49702000, "operatingExpenses": 152290000, "generalAndAdministrativeExpenses": 24914000, "netIncome": -50363000, "symbol": "NOW", "weightedAverageShsOut": 143267181, "period": "Q2", "link": "https://www.sec.gov/Archives/edgar/data/1373715/000137371514000151/0001373715-14-000151-index.htm", "date": "2014-06-30", "netIncomeRatio": -0.30201430824493125, "grossProfitRatio": 0.6465635625490984, "interestExpense": 0.0, "eps": -0.35, "epsdiluted": -0.35, "depreciationAndAmortization": 26335000, "costOfRevenue": 58938000, "operatingIncomeRatio": -0.266681458649412, "operatingIncome": -44471000}, {"finalLink": "https://www.sec.gov/Archives/edgar/data/1373715/000137371514000084/now-2014331x10q.htm", "sellingAndMarketingExpenses": 69416000, "revenue": 139090000, "researchAndDevelopmentExpenses": 31110000, "acceptedDate": "2014-05-07 14:56:35", "fillingDate": "2014-05-07", "weightedAverageShsOutDil": 142060025, "costAndExpenses": 175271000, "ebitda": -11827000, "ebitdaratio": -0.08503127471421382, "incomeBeforeTaxRatio": -0.3029980588108419, "incomeTaxExpense": 1167000.0, "totalOtherIncomeExpensesNet": -5963000.0, "grossProfit": 85976000, "otherExpenses": -5963000.0, "incomeBeforeTax": -42144000, "operatingExpenses": 122157000, "generalAndAdministrativeExpenses": 21631000, "netIncome": -43311000, "symbol": "NOW", "weightedAverageShsOut": 142060025, "period": "Q1", "link": "https://www.sec.gov/Archives/edgar/data/1373715/000137371514000084/0001373715-14-000084-index.htm", "date": "2014-03-31", "netIncomeRatio": -0.3113883097275146, "grossProfitRatio": 0.6181321446545402, "interestExpense": 0.0, "eps": -0.3, "epsdiluted": -0.3, "depreciationAndAmortization": 24354000, "costOfRevenue": 53114000, "operatingIncomeRatio": -0.26012653677475017, "operatingIncome": -36181000}, {"finalLink": "https://www.sec.gov/Archives/edgar/data/1373715/000137371514000044/now-20131231x10k.htm", "sellingAndMarketingExpenses": 57337000, "revenue": 125230000, "researchAndDevelopmentExpenses": 23869000, "acceptedDate": "2014-02-28 08:26:33", "fillingDate": "2014-02-28", "weightedAverageShsOutDil": 135415809, "costAndExpenses": 144591000, "ebitda": 12175000, "ebitdaratio": 121.75, "incomeBeforeTaxRatio": -0.16, "incomeTaxExpense": 545000.0, "totalOtherIncomeExpensesNet": -1000.0, "grossProfit": 79852000, "otherExpenses": -1000.0, "incomeBeforeTax": -16000.0, "operatingExpenses": 99213000, "generalAndAdministrativeExpenses": 18007000, "netIncome": -17000.0, "symbol": "NOW", "weightedAverageShsOut": 135415809, "period": "FY", "link": "https://www.sec.gov/Archives/edgar/data/1373715/000137371514000044/0001373715-14-000044-index.htm", "date": "2013-12-31", "netIncomeRatio": -0.17, "grossProfitRatio": 0.6376427373632516, "interestExpense": 0.0, "eps": -0.17, "epsdiluted": -0.17, "depreciationAndAmortization": 12190000, "costOfRevenue": 45378000, "operatingIncomeRatio": -0.15, "operatingIncome": -15000.0}, {"finalLink": "https://www.sec.gov/Archives/edgar/data/1373715/000137371513000101/now-2013930x10q.htm", "sellingAndMarketingExpenses": 47336000, "revenue": 111259000, "researchAndDevelopmentExpenses": 20819000, "acceptedDate": "2013-11-04 15:29:03", "fillingDate": "2013-11-04", "weightedAverageShsOutDil": 134036466, "costAndExpenses": 125909000, "ebitda": 1483000.0, "ebitdaratio": 0.0133292587566, "incomeBeforeTaxRatio": -0.1262819187661223, "incomeTaxExpense": 663000.0, "totalOtherIncomeExpensesNet": 600000.0, "grossProfit": 69684000, "otherExpenses": 600000.0, "incomeBeforeTax": -14050000, "operatingExpenses": 84334000, "generalAndAdministrativeExpenses": 16179000, "netIncome": -14713000, "symbol": "NOW", "weightedAverageShsOut": 135415809, "period": "Q3", "link": "https://www.sec.gov/Archives/edgar/data/1373715/000137371513000101/0001373715-13-000101-index.htm", "date": "2013-09-30", "netIncomeRatio": -0.1322409872459756, "grossProfitRatio": 0.6263223649322751, "interestExpense": 0.0, "eps": -0.11, "epsdiluted": -0.11, "depreciationAndAmortization": 16133000, "costOfRevenue": 41575000, "operatingIncomeRatio": -0.1316747409198357, "operatingIncome": -14650000}, {"finalLink": "https://www.sec.gov/Archives/edgar/data/1373715/000137371513000061/now-2013630x10q.htm", "sellingAndMarketingExpenses": 52291000, "revenue": 102222000, "researchAndDevelopmentExpenses": 17951000, "acceptedDate": "2013-08-07 14:33:28", "fillingDate": "2013-08-07", "weightedAverageShsOutDil": 132298095, "costAndExpenses": 121565000, "ebitda": -19133000, "ebitdaratio": -0.10173826577546648, "incomeBeforeTaxRatio": -0.17784123236609398, "incomeTaxExpense": 739000.0, "totalOtherIncomeExpensesNet": -1204000.0, "grossProfit": 66224000, "otherExpenses": -1204000.0, "incomeBeforeTax": -33445000, "operatingExpenses": 85567000, "generalAndAdministrativeExpenses": 15325000, "netIncome": -34747000, "symbol": "NOW", "weightedAverageShsOut": 135415809, "period": "Q2", "link": "https://www.sec.gov/Archives/edgar/data/1373715/000137371513000061/0001373715-13-000061-index.htm", "date": "2013-06-30", "netIncomeRatio": -0.18476451789578913, "grossProfitRatio": 0.6478448866193187, "interestExpense": 0.0, "eps": -0.16, "epsdiluted": -0.16, "depreciationAndAmortization": 13108000, "costOfRevenue": 35998000, "operatingIncomeRatio": -0.17143905434938664, "operatingIncome": -32241000}, {"finalLink": "https://www.sec.gov/Archives/edgar/data/1373715/000137371513000013/now-2013331x10q.htm", "sellingAndMarketingExpenses": 38226000, "revenue": 85939000, "researchAndDevelopmentExpenses": 16039000, "acceptedDate": "2013-05-08 14:12:34", "fillingDate": "2013-05-08", "weightedAverageShsOutDil": 129782029, "costAndExpenses": 98852000, "ebitda": 10810000, "ebitdaratio": 108.1, "incomeBeforeTaxRatio": -0.15, "incomeTaxExpense": 564000.0, "totalOtherIncomeExpensesNet": 119000.0, "grossProfit": 53631000, "otherExpenses": 0.0, "incomeBeforeTax": -15000.0, "operatingExpenses": 66544000, "generalAndAdministrativeExpenses": 12279000, "netIncome": -16000.0, "symbol": "NOW", "weightedAverageShsOut": 135415809, "period": "Q1", "link": "https://www.sec.gov/Archives/edgar/data/1373715/000137371513000013/0001373715-13-000013-index.htm", "date": "2013-03-31", "netIncomeRatio": -0.16, "grossProfitRatio": 0.6240589255169364, "interestExpense": 0.0, "eps": -0.1, "epsdiluted": -0.1, "depreciationAndAmortization": 10825000, "costOfRevenue": 32308000, "operatingIncomeRatio": -0.15, "operatingIncome": -15000.0}, {"finalLink": "https://www.sec.gov/Archives/edgar/data/1373715/000137371513000004/now-20121231x10k.htm", "sellingAndMarketingExpenses": 96985000, "revenue": 75162000, "researchAndDevelopmentExpenses": 13235000, "acceptedDate": "2013-03-08 15:20:11", "fillingDate": "2013-03-08", "weightedAverageShsOutDil": 73908631, "costAndExpenses": 84700000, "ebitda": 1503000.0, "ebitdaratio": 0.0199968068971, "incomeBeforeTaxRatio": 0.252720789761, "incomeTaxExpense": 849000.0, "totalOtherIncomeExpensesNet": 456000.0, "grossProfit": 42854000, "otherExpenses": 1000.0, "incomeBeforeTax": 18995000, "operatingExpenses": 52392000, "generalAndAdministrativeExpenses": 9676000.0, "netIncome": -15000.0, "symbol": "NOW", "weightedAverageShsOut": 73908631, "period": "FY", "link": "https://www.sec.gov/Archives/edgar/data/1373715/000137371513000004/0001373715-13-000004-index.htm", "date": "2012-12-31", "netIncomeRatio": -0.15, "grossProfitRatio": 0.5701551315824486, "interestExpense": 0.0, "eps": -0.02, "epsdiluted": -0.02, "depreciationAndAmortization": 11041000, "costOfRevenue": 32308000, "operatingIncomeRatio": -0.15, "operatingIncome": -15000.0}, {"finalLink": "https://www.sec.gov/Archives/edgar/data/1373715/000119312512443921/d403782d10q.htm", "sellingAndMarketingExpenses": 2899000.0, "revenue": 64345000, "researchAndDevelopmentExpenses": 10783000, "acceptedDate": "2012-10-31 16:39:15", "fillingDate": "2012-10-31", "weightedAverageShsOutDil": 57089411, "costAndExpenses": 77692000, "ebitda": 7180000.0, "ebitdaratio": 71.8, "incomeBeforeTaxRatio": -0.16, "incomeTaxExpense": 321000.0, "totalOtherIncomeExpensesNet": 615000.0, "grossProfit": 36771000, "otherExpenses": 25241000, "incomeBeforeTax": -16000.0, "operatingExpenses": 50118000, "generalAndAdministrativeExpenses": 11195000, "netIncome": -16000.0, "symbol": "NOW", "weightedAverageShsOut": 57089411, "period": "Q3", "link": "https://www.sec.gov/Archives/edgar/data/1373715/000119312512443921/0001193125-12-443921-index.htm", "date": "2012-09-30", "netIncomeRatio": -0.16, "grossProfitRatio": 0.5714663143989432, "interestExpense": 0.0, "eps": 0.06, "epsdiluted": 0.06, "depreciationAndAmortization": 7197000.0, "costOfRevenue": 27574000, "operatingIncomeRatio": -0.17, "operatingIncome": -17000.0}, {"finalLink": null, "sellingAndMarketingExpenses": 3953000.0, "revenue": 104205000, "researchAndDevelopmentExpenses": 15315000, "acceptedDate": "Not found...", "fillingDate": null, "weightedAverageShsOutDil": 26452100, "costAndExpenses": 118904000, "ebitda": -4384000.0, "ebitdaratio": -0.0420709179022, "incomeBeforeTaxRatio": -0.135943572765, "incomeTaxExpense": 198000.0, "totalOtherIncomeExpensesNet": 533000.0, "grossProfit": 60078000, "otherExpenses": 42263000, "incomeBeforeTax": -14166000, "operatingExpenses": 74777000, "generalAndAdministrativeExpenses": 13246000, "netIncome": -14364000, "symbol": "NOW", "weightedAverageShsOut": 100000.0, "period": "Q2", "link": "updating...", "date": "2012-06-30", "netIncomeRatio": -0.137843673528, "grossProfitRatio": 0.5765366345184972, "interestExpense": 0.0, "eps": -0.55, "epsdiluted": -0.55, "depreciationAndAmortization": 10315000, "costOfRevenue": 44127000, "operatingIncomeRatio": -0.141058490476, "operatingIncome": -14699000}]