[{"finalLink": "https://www.sec.gov/Archives/edgar/data/1018724/000101872420000010/amzn-20200331x10q.htm", "sellingAndMarketingExpenses": 4828000000, "revenue": 75452000000, "researchAndDevelopmentExpenses": 9325000000, "acceptedDate": "2020-04-30 19:23:48", "fillingDate": "2020-05-01", "weightedAverageShsOutDil": 506000000, "costAndExpenses": 71463000000, "ebitda": 9351000000, "ebitdaratio": 0.123933096538, "incomeBeforeTaxRatio": 0.0448364523141, "incomeTaxExpense": 744000000, "totalOtherIncomeExpensesNet": 70000000, "grossProfit": 31195000000, "otherExpenses": 16289000000, "incomeBeforeTax": 3383000000, "operatingExpenses": 27066000000, "generalAndAdministrativeExpenses": 1452000000, "netIncome": 2535000000, "symbol": "AMZN", "weightedAverageShsOut": 498000000, "period": "Q1", "link": "https://www.sec.gov/Archives/edgar/data/1018724/000101872420000010/0001018724-20-000010-index.htm", "date": "2020-03-31", "netIncomeRatio": 0.0335975189524, "grossProfitRatio": 0.4134416582728092, "interestExpense": 402000000, "eps": 5.09, "epsdiluted": 5.01, "depreciationAndAmortization": 5362000000, "costOfRevenue": 44257000000, "operatingIncomeRatio": 0.0528680485607, "operatingIncome": 3989000000}, {"finalLink": "https://www.sec.gov/Archives/edgar/data/1018724/000101872420000004/amzn-20191231x10k.htm", "sellingAndMarketingExpenses": 6171000.0, "revenue": 87436000000, "researchAndDevelopmentExpenses": 9740000000, "acceptedDate": "2020-01-30 20:46:13", "fillingDate": "2020-01-31", "weightedAverageShsOutDil": 504000000, "costAndExpenses": 83557000000, "ebitda": 10049000000, "ebitdaratio": 0.114929777208, "incomeBeforeTaxRatio": 0.0463539045702, "incomeTaxExpense": 786000000, "totalOtherIncomeExpensesNet": 174000000, "grossProfit": 33459000000, "otherExpenses": 18428000000, "incomeBeforeTax": 4053000000, "operatingExpenses": 29580000000, "generalAndAdministrativeExpenses": 1412000000, "netIncome": 3268000000, "symbol": "AMZN", "weightedAverageShsOut": 494000000, "period": "FY", "link": "https://www.sec.gov/Archives/edgar/data/1018724/000101872420000004/0001018724-20-000004-index.htm", "date": "2019-12-31", "netIncomeRatio": 0.0373759092365, "grossProfitRatio": 0.38266846607804567, "interestExpense": 455000000, "eps": 6.59, "epsdiluted": 6.48, "depreciationAndAmortization": 6170000000, "costOfRevenue": 53977000000, "operatingIncomeRatio": 0.044363877579, "operatingIncome": 3879000000}, {"finalLink": "https://www.sec.gov/Archives/edgar/data/1018724/000101872419000089/amzn-2019930x10q.htm", "sellingAndMarketingExpenses": 4752000000, "revenue": 69982000000, "researchAndDevelopmentExpenses": 9200000000, "acceptedDate": "2019-10-24 20:49:26", "fillingDate": "2019-10-25", "weightedAverageShsOutDil": 503000000, "costAndExpenses": 66824000000, "ebitda": 8721000000, "ebitdaratio": 0.124617758852, "incomeBeforeTaxRatio": 0.0376096710583, "incomeTaxExpense": 494000000, "totalOtherIncomeExpensesNet": 55000000, "grossProfit": 28680000000, "otherExpenses": 14975000000, "incomeBeforeTax": 2632000000, "operatingExpenses": 25522000000, "generalAndAdministrativeExpenses": 1347000000, "netIncome": 2134000000, "symbol": "AMZN", "weightedAverageShsOut": 493000000, "period": "Q3", "link": "https://www.sec.gov/Archives/edgar/data/1018724/000101872419000089/0001018724-19-000089-index.htm", "date": "2019-09-30", "netIncomeRatio": 0.0304935554857, "grossProfitRatio": 0.4098196679146066, "interestExpense": 396000000, "eps": 4.3, "epsdiluted": 4.22, "depreciationAndAmortization": 5563000000, "costOfRevenue": 41302000000, "operatingIncomeRatio": 0.0451258895144, "operatingIncome": 3158000000}, {"finalLink": "https://www.sec.gov/Archives/edgar/data/1018724/000101872419000071/amzn-2019630x10q.htm", "sellingAndMarketingExpenses": 4291000000, "revenue": 63404000000, "researchAndDevelopmentExpenses": 9064000000, "acceptedDate": "2019-07-25 19:40:28", "fillingDate": "2019-07-26", "weightedAverageShsOutDil": 503000000, "costAndExpenses": 60320000000, "ebitda": 8286000000, "ebitdaratio": 0.130685761151, "incomeBeforeTaxRatio": 0.0455807204593, "incomeTaxExpense": 258000000, "totalOtherIncomeExpensesNet": 86000000, "grossProfit": 27067000000, "otherExpenses": 13643000000, "incomeBeforeTax": 2890000000, "operatingExpenses": 23978000000, "generalAndAdministrativeExpenses": 1271000000, "netIncome": 2625000000, "symbol": "AMZN", "weightedAverageShsOut": 492000000, "period": "Q2", "link": "https://www.sec.gov/Archives/edgar/data/1018724/000101872419000071/0001018724-19-000071-index.htm", "date": "2019-06-30", "netIncomeRatio": 0.0414011734275, "grossProfitRatio": 0.42689735663365086, "interestExpense": 383000000, "eps": 5.33, "epsdiluted": 5.22, "depreciationAndAmortization": 5202000000, "costOfRevenue": 36337000000, "operatingIncomeRatio": 0.048640464324, "operatingIncome": 3084000000}, {"finalLink": "https://www.sec.gov/Archives/edgar/data/1018724/000101872419000043/amzn-2019331x10q.htm", "sellingAndMarketingExpenses": 3664000000, "revenue": 59700000000, "researchAndDevelopmentExpenses": 7927000000, "acceptedDate": "2019-04-25 19:08:50", "fillingDate": "2019-04-26", "weightedAverageShsOutDil": 502000000, "costAndExpenses": 55280000000, "ebitda": 9274000000, "ebitdaratio": 0.155343383585, "incomeBeforeTaxRatio": 0.0737185929648, "incomeTaxExpense": 836000000, "totalOtherIncomeExpensesNet": -5000000.0, "grossProfit": 25780000000, "otherExpenses": 12265000000, "incomeBeforeTax": 4401000000, "operatingExpenses": 21365000000, "generalAndAdministrativeExpenses": 1173000000, "netIncome": 3561000000, "symbol": "AMZN", "weightedAverageShsOut": 491000000, "period": "Q1", "link": "https://www.sec.gov/Archives/edgar/data/1018724/000101872419000043/0001018724-19-000043-index.htm", "date": "2019-03-31", "netIncomeRatio": 0.059648241206, "grossProfitRatio": 0.4318257956448911, "interestExpense": 366000000, "eps": 7.24, "epsdiluted": 7.09, "depreciationAndAmortization": 4854000000, "costOfRevenue": 33920000000, "operatingIncomeRatio": 0.0740368509213, "operatingIncome": 4420000000}, {"finalLink": "https://www.sec.gov/Archives/edgar/data/1018724/000101872419000004/amzn-20181231x10k.htm", "sellingAndMarketingExpenses": 4912000000, "revenue": 72383000000, "researchAndDevelopmentExpenses": 7669000000, "acceptedDate": "2019-01-31 20:22:40", "fillingDate": "2019-02-01", "weightedAverageShsOutDil": 500000000, "costAndExpenses": 68597000000, "ebitda": 8048000000, "ebitdaratio": 0.111186328282, "incomeBeforeTaxRatio": 0.0462815854551, "incomeTaxExpense": 327000000, "totalOtherIncomeExpensesNet": -199000000, "grossProfit": 27597000000, "otherExpenses": 15025000000, "incomeBeforeTax": 3350000000, "operatingExpenses": 23811000000, "generalAndAdministrativeExpenses": 1117000000, "netIncome": 3027000000, "symbol": "AMZN", "weightedAverageShsOut": 487000000, "period": "FY", "link": "https://www.sec.gov/Archives/edgar/data/1018724/000101872419000004/0001018724-19-000004-index.htm", "date": "2018-12-31", "netIncomeRatio": 0.0418192116934, "grossProfitRatio": 0.38126355635991876, "interestExpense": 387000000, "eps": 6.19, "epsdiluted": 6.04, "depreciationAndAmortization": 4262000000, "costOfRevenue": 44786000000, "operatingIncomeRatio": 0.0523050992636, "operatingIncome": 3786000000}, {"finalLink": "https://www.sec.gov/Archives/edgar/data/1018724/000101872418000159/amzn-20180930x10q.htm", "sellingAndMarketingExpenses": 3302000000, "revenue": 56576000000, "researchAndDevelopmentExpenses": 7162000000, "acceptedDate": "2018-10-25 19:42:40", "fillingDate": "2018-10-26", "weightedAverageShsOutDil": 500000000, "costAndExpenses": 52852000000, "ebitda": 7502000000, "ebitdaratio": 0.132600395928, "incomeBeforeTaxRatio": 0.0599370757919, "incomeTaxExpense": 509000000, "totalOtherIncomeExpensesNet": -93000000, "grossProfit": 23573000000, "otherExpenses": 11645000000, "incomeBeforeTax": 3391000000, "operatingExpenses": 19849000000, "generalAndAdministrativeExpenses": 1042000000, "netIncome": 2883000000, "symbol": "AMZN", "weightedAverageShsOut": 486000000, "period": "Q3", "link": "https://www.sec.gov/Archives/edgar/data/1018724/000101872418000159/0001018724-18-000159-index.htm", "date": "2018-09-30", "netIncomeRatio": 0.0509580033937, "grossProfitRatio": 0.4166607748868778, "interestExpense": 357000000, "eps": 5.91, "epsdiluted": 5.76, "depreciationAndAmortization": 3778000000, "costOfRevenue": 33003000000, "operatingIncomeRatio": 0.0658229638009, "operatingIncome": 3724000000}, {"finalLink": "https://www.sec.gov/Archives/edgar/data/1018724/000101872418000108/amzn-20180630x10q.htm", "sellingAndMarketingExpenses": 2901000000, "revenue": 52886000000, "researchAndDevelopmentExpenses": 7247000000, "acceptedDate": "2018-07-26 19:23:13", "fillingDate": "2018-07-27", "weightedAverageShsOutDil": 499000000, "costAndExpenses": 49902000000, "ebitda": 6614000000, "ebitdaratio": 0.125061452937, "incomeBeforeTaxRatio": 0.0492379835873, "incomeTaxExpense": 74000000, "totalOtherIncomeExpensesNet": -130000000, "grossProfit": 22254000000, "otherExpenses": 10913000000, "incomeBeforeTax": 2604000000, "operatingExpenses": 19270000000, "generalAndAdministrativeExpenses": 1110000000, "netIncome": 2534000000, "symbol": "AMZN", "weightedAverageShsOut": 485000000, "period": "Q2", "link": "https://www.sec.gov/Archives/edgar/data/1018724/000101872418000108/0001018724-18-000108-index.htm", "date": "2018-06-30", "netIncomeRatio": 0.047914381878, "grossProfitRatio": 0.4207918919941005, "interestExpense": 343000000, "eps": 5.22, "epsdiluted": 5.07, "depreciationAndAmortization": 3630000000, "costOfRevenue": 30632000000, "operatingIncomeRatio": 0.0564232500095, "operatingIncome": 2984000000}, {"finalLink": "https://www.sec.gov/Archives/edgar/data/1018724/000101872418000072/amzn-20180331x10q.htm", "sellingAndMarketingExpenses": 2699000000, "revenue": 51042000000, "researchAndDevelopmentExpenses": 6759000000, "acceptedDate": "2018-04-26 19:36:54", "fillingDate": "2018-04-27", "weightedAverageShsOutDil": 498000000, "costAndExpenses": 49115000000, "ebitda": 5598000000, "ebitdaratio": 0.1096743858, "incomeBeforeTaxRatio": 0.0375377140394, "incomeTaxExpense": 287000000, "totalOtherIncomeExpensesNet": 239000000, "grossProfit": 20307000000, "otherExpenses": 10554000000, "incomeBeforeTax": 1916000000, "operatingExpenses": 18380000000, "generalAndAdministrativeExpenses": 1067000000, "netIncome": 1629000000, "symbol": "AMZN", "weightedAverageShsOut": 484000000, "period": "Q1", "link": "https://www.sec.gov/Archives/edgar/data/1018724/000101872418000072/0001018724-18-000072-index.htm", "date": "2018-03-31", "netIncomeRatio": 0.031914893617, "grossProfitRatio": 0.3978488303749853, "interestExpense": 330000000, "eps": 3.36, "epsdiluted": 3.27, "depreciationAndAmortization": 3671000000, "costOfRevenue": 30735000000, "operatingIncomeRatio": 0.0377532228361, "operatingIncome": 1927000000}, {"finalLink": "https://www.sec.gov/Archives/edgar/data/1018724/000101872418000005/amzn-20171231x10k.htm", "sellingAndMarketingExpenses": 3440000000, "revenue": 60453000000, "researchAndDevelopmentExpenses": 6314000000, "acceptedDate": "2018-02-01 20:41:15", "fillingDate": "2018-02-02", "weightedAverageShsOutDil": 493000000, "costAndExpenses": 58326000000, "ebitda": 5625000000, "ebitdaratio": 0.0930474914396, "incomeBeforeTaxRatio": 0.0309496633749, "incomeTaxExpense": 14000000, "totalOtherIncomeExpensesNet": 17000000, "grossProfit": 21958000000, "otherExpenses": 12473000000, "incomeBeforeTax": 1871000000, "operatingExpenses": 19831000000, "generalAndAdministrativeExpenses": 1044000000, "netIncome": 1857000000, "symbol": "AMZN", "weightedAverageShsOut": 480000000, "period": "FY", "link": "https://www.sec.gov/Archives/edgar/data/1018724/000101872418000005/0001018724-18-000005-index.htm", "date": "2017-12-31", "netIncomeRatio": 0.0307180785073, "grossProfitRatio": 0.3632243230278067, "interestExpense": 338000000, "eps": 3.86, "epsdiluted": 3.76, "depreciationAndAmortization": 3498000000, "costOfRevenue": 38495000000, "operatingIncomeRatio": 0.0351843580964, "operatingIncome": 2127000000}, {"finalLink": "https://www.sec.gov/Archives/edgar/data/1018724/000101872417000135/amzn-20170930x10q.htm", "sellingAndMarketingExpenses": 2479000000, "revenue": 43744000000, "researchAndDevelopmentExpenses": 5943000000, "acceptedDate": "2017-10-26 19:41:02", "fillingDate": "2017-10-27", "weightedAverageShsOutDil": 492000000, "costAndExpenses": 43397000000, "ebitda": 3259000000, "ebitdaratio": 0.07450164594, "incomeBeforeTaxRatio": 0.00724670811997, "incomeTaxExpense": 60000000, "totalOtherIncomeExpensesNet": 144000000, "grossProfit": 16196000000, "otherExpenses": 8945000000, "incomeBeforeTax": 317000000, "operatingExpenses": 15849000000, "generalAndAdministrativeExpenses": 961000000, "netIncome": 255000000, "symbol": "AMZN", "weightedAverageShsOut": 479000000, "period": "Q3", "link": "https://www.sec.gov/Archives/edgar/data/1018724/000101872417000135/0001018724-17-000135-index.htm", "date": "2017-09-30", "netIncomeRatio": 0.00582937088515, "grossProfitRatio": 0.3702450621799561, "interestExpense": 228000000, "eps": 0.53, "epsdiluted": 0.52, "depreciationAndAmortization": 2912000000, "costOfRevenue": 27548000000, "operatingIncomeRatio": 0.0079325164594, "operatingIncome": 347000000}, {"finalLink": "https://www.sec.gov/Archives/edgar/data/1018724/000101872417000100/amzn-20170630x10q.htm", "sellingAndMarketingExpenses": 2230000000, "revenue": 37955000000, "researchAndDevelopmentExpenses": 5550000000, "acceptedDate": "2017-07-27 19:19:31", "fillingDate": "2017-07-28", "weightedAverageShsOutDil": 491000000, "costAndExpenses": 37328000000, "ebitda": 3260000000, "ebitdaratio": 0.0858911869319, "incomeBeforeTaxRatio": 0.0175207482545, "incomeTaxExpense": 466000000, "totalOtherIncomeExpensesNet": 38000000, "grossProfit": 14504000000, "otherExpenses": 7453000000, "incomeBeforeTax": 665000000, "operatingExpenses": 13877000000, "generalAndAdministrativeExpenses": 874000000, "netIncome": 197000000, "symbol": "AMZN", "weightedAverageShsOut": 478000000, "period": "Q2", "link": "https://www.sec.gov/Archives/edgar/data/1018724/000101872417000100/0001018724-17-000100-index.htm", "date": "2017-06-30", "netIncomeRatio": 0.00519035700171, "grossProfitRatio": 0.3821367408773548, "interestExpense": 143000000, "eps": 0.41, "epsdiluted": 0.39, "depreciationAndAmortization": 2633000000, "costOfRevenue": 23451000000, "operatingIncomeRatio": 0.01651956264, "operatingIncome": 627000000}, {"finalLink": "https://www.sec.gov/Archives/edgar/data/1018724/000101872417000051/amzn-20170331x10q.htm", "sellingAndMarketingExpenses": 1920000000, "revenue": 35714000000, "researchAndDevelopmentExpenses": 4813000000, "acceptedDate": "2017-04-27 19:05:44", "fillingDate": "2017-04-28", "weightedAverageShsOutDil": 490000000, "costAndExpenses": 34709000000, "ebitda": 3440000000, "ebitdaratio": 0.0963207705662, "incomeBeforeTaxRatio": 0.0266842134737, "incomeTaxExpense": 229000000, "totalOtherIncomeExpensesNet": 48000000, "grossProfit": 13274000000, "otherExpenses": 6661000000, "incomeBeforeTax": 953000000, "operatingExpenses": 12269000000, "generalAndAdministrativeExpenses": 795000000, "netIncome": 724000000, "symbol": "AMZN", "weightedAverageShsOut": 477000000, "period": "Q1", "link": "https://www.sec.gov/Archives/edgar/data/1018724/000101872417000051/0001018724-17-000051-index.htm", "date": "2017-03-31", "netIncomeRatio": 0.0202721621773, "grossProfitRatio": 0.3716749733997872, "interestExpense": 139000000, "eps": 1.52, "epsdiluted": 1.48, "depreciationAndAmortization": 2435000000, "costOfRevenue": 22440000000, "operatingIncomeRatio": 0.0281402251218, "operatingIncome": 1005000000}, {"finalLink": "https://www.sec.gov/Archives/edgar/data/1018724/000101872417000011/amzn-20161231x10k.htm", "sellingAndMarketingExpenses": 2513000000, "revenue": 43741000000, "researchAndDevelopmentExpenses": 4544000000, "acceptedDate": "2017-02-09 17:56:36", "fillingDate": "2017-02-10", "weightedAverageShsOutDil": 484000000, "costAndExpenses": 42486000000, "ebitda": 3552000000, "ebitdaratio": 0.081205276514, "incomeBeforeTaxRatio": 0.0266569122791, "incomeTaxExpense": 413000000, "totalOtherIncomeExpensesNet": 15000000, "grossProfit": 14782000000, "otherExpenses": 8266000000, "incomeBeforeTax": 1166000000, "operatingExpenses": 13527000000, "generalAndAdministrativeExpenses": 717000000, "netIncome": 749000000, "symbol": "AMZN", "weightedAverageShsOut": 474000000, "period": "FY", "link": "https://www.sec.gov/Archives/edgar/data/1018724/000101872417000011/0001018724-17-000011-index.htm", "date": "2016-12-31", "netIncomeRatio": 0.0171235225532, "grossProfitRatio": 0.33794380558286274, "interestExpense": 133000000, "eps": 1.58, "epsdiluted": 1.54, "depreciationAndAmortization": 2297000000, "costOfRevenue": 28959000000, "operatingIncomeRatio": 0.0286916165611, "operatingIncome": 1255000000}, {"finalLink": "https://www.sec.gov/Archives/edgar/data/1018724/000101872416000324/amzn-20160930x10q.htm", "sellingAndMarketingExpenses": 1738000000, "revenue": 32714000000, "researchAndDevelopmentExpenses": 4136000000, "acceptedDate": "2016-10-27 18:38:58", "fillingDate": "2016-10-28", "weightedAverageShsOutDil": 483000000, "costAndExpenses": 32139000000, "ebitda": 2658000000, "ebitdaratio": 0.0812496179006, "incomeBeforeTaxRatio": 0.0150394326588, "incomeTaxExpense": 230000000, "totalOtherIncomeExpensesNet": -25000000, "grossProfit": 11455000000, "otherExpenses": 6106000000, "incomeBeforeTax": 492000000, "operatingExpenses": 10880000000, "generalAndAdministrativeExpenses": 638000000, "netIncome": 252000000, "symbol": "AMZN", "weightedAverageShsOut": 473000000, "period": "Q3", "link": "https://www.sec.gov/Archives/edgar/data/1018724/000101872416000324/0001018724-16-000324-index.htm", "date": "2016-09-30", "netIncomeRatio": 0.00770312404475, "grossProfitRatio": 0.3501558965580485, "interestExpense": 118000000, "eps": 0.53, "epsdiluted": 0.52, "depreciationAndAmortization": 2083000000, "costOfRevenue": 21259000000, "operatingIncomeRatio": 0.0175765727212, "operatingIncome": 575000000}, {"finalLink": "https://www.sec.gov/Archives/edgar/data/1018724/000101872416000286/amzn-20160630x10q.htm", "sellingAndMarketingExpenses": 1546000000, "revenue": 30404000000, "researchAndDevelopmentExpenses": 3879000000, "acceptedDate": "2016-07-28 19:21:05", "fillingDate": "2016-07-29", "weightedAverageShsOutDil": 482000000, "costAndExpenses": 29119000000, "ebitda": 3194000000, "ebitdaratio": 0.105051966846, "incomeBeforeTaxRatio": 0.0387449019866, "incomeTaxExpense": 307000000, "totalOtherIncomeExpensesNet": 55000000, "grossProfit": 11223000000, "otherExpenses": 5046000000, "incomeBeforeTax": 1178000000, "operatingExpenses": 9505000000, "generalAndAdministrativeExpenses": 580000000, "netIncome": 857000000, "symbol": "AMZN", "weightedAverageShsOut": 472000000, "period": "Q2", "link": "https://www.sec.gov/Archives/edgar/data/1018724/000101872416000286/0001018724-16-000286-index.htm", "date": "2016-06-30", "netIncomeRatio": 0.0281870806473, "grossProfitRatio": 0.36912906196553086, "interestExpense": 116000000, "eps": 1.81, "epsdiluted": 1.77, "depreciationAndAmortization": 1909000000, "costOfRevenue": 19181000000, "operatingIncomeRatio": 0.0422641757663, "operatingIncome": 1285000000}, {"finalLink": "https://www.sec.gov/Archives/edgar/data/1018724/000101872416000227/amzn-20160331x10q.htm", "sellingAndMarketingExpenses": 1436000000, "revenue": 29128000000, "researchAndDevelopmentExpenses": 3526000000, "acceptedDate": "2016-04-28 18:27:40", "fillingDate": "2016-04-29", "weightedAverageShsOutDil": 481000000, "costAndExpenses": 28057000000, "ebitda": 2898000000, "ebitdaratio": 0.0994918978303, "incomeBeforeTaxRatio": 0.036253776435, "incomeTaxExpense": 475000000, "totalOtherIncomeExpensesNet": 45000000, "grossProfit": 10262000000, "otherExpenses": 5601000000, "incomeBeforeTax": 1056000000, "operatingExpenses": 9624000000, "generalAndAdministrativeExpenses": 497000000, "netIncome": 513000000, "symbol": "AMZN", "weightedAverageShsOut": 471000000, "period": "Q1", "link": "https://www.sec.gov/Archives/edgar/data/1018724/000101872416000227/0001018724-16-000227-index.htm", "date": "2016-03-31", "netIncomeRatio": 0.0176119198023, "grossProfitRatio": 0.352307058500412, "interestExpense": 117000000, "eps": 1.09, "epsdiluted": 1.07, "depreciationAndAmortization": 1827000000, "costOfRevenue": 18866000000, "operatingIncomeRatio": 0.0367687448503, "operatingIncome": 1071000000}, {"finalLink": "https://www.sec.gov/Archives/edgar/data/1018724/000101872416000172/amzn-20151231x10k.htm", "sellingAndMarketingExpenses": 57000000, "revenue": 35747000000, "researchAndDevelopmentExpenses": 3569000000, "acceptedDate": "2016-01-28 19:38:11", "fillingDate": "2016-01-29", "weightedAverageShsOutDil": 477000000, "costAndExpenses": 34638000000, "ebitda": 2861000000, "ebitdaratio": 0.0800346882256, "incomeBeforeTaxRatio": 0.0262399641928, "incomeTaxExpense": 452000000, "totalOtherIncomeExpensesNet": 35000000, "grossProfit": 11406000000, "otherExpenses": 7025000000, "incomeBeforeTax": 938000000, "operatingExpenses": 11041000000, "generalAndAdministrativeExpenses": 390000000, "netIncome": 482000000, "symbol": "AMZN", "weightedAverageShsOut": 467000000, "period": "FY", "link": "https://www.sec.gov/Archives/edgar/data/1018724/000101872416000172/0001018724-16-000172-index.htm", "date": "2015-12-31", "netIncomeRatio": 0.0134836489775, "grossProfitRatio": 0.31907572663440287, "interestExpense": 115000000, "eps": 1.04, "epsdiluted": 1.01, "depreciationAndAmortization": 1752000000, "costOfRevenue": 24341000000, "operatingIncomeRatio": 0.0310235823985, "operatingIncome": 1109000000}, {"finalLink": "https://www.sec.gov/Archives/edgar/data/1018724/000101872415000126/amzn-20150930x10q.htm", "sellingAndMarketingExpenses": 49000000, "revenue": 25358000000, "researchAndDevelopmentExpenses": 3197000000, "acceptedDate": "2015-10-22 18:50:56", "fillingDate": "2015-10-23", "weightedAverageShsOutDil": 476000000, "costAndExpenses": 24953000000, "ebitda": 2004000000, "ebitdaratio": 0.0790283145358, "incomeBeforeTaxRatio": 0.00974051581355, "incomeTaxExpense": 161000000, "totalOtherIncomeExpensesNet": 44000000, "grossProfit": 8603000000, "otherExpenses": 5155000000, "incomeBeforeTax": 247000000, "operatingExpenses": 8864000000, "generalAndAdministrativeExpenses": 463000000, "netIncome": 79000000, "symbol": "AMZN", "weightedAverageShsOut": 467000000, "period": "Q3", "link": "https://www.sec.gov/Archives/edgar/data/1018724/000101872415000126/0001018724-15-000126-index.htm", "date": "2015-09-30", "netIncomeRatio": 0.00311538764887, "grossProfitRatio": 0.33926177143307834, "interestExpense": 116000000, "eps": 0.17, "epsdiluted": 0.17, "depreciationAndAmortization": 1599000000, "costOfRevenue": 16755000000, "operatingIncomeRatio": 0.0159712911113, "operatingIncome": 405000000}, {"finalLink": "https://www.sec.gov/Archives/edgar/data/1018724/000101872415000087/amzn-20150630x10q.htm", "sellingAndMarketingExpenses": 84000000, "revenue": 23184000000, "researchAndDevelopmentExpenses": 3020000000, "acceptedDate": "2015-07-23 18:46:09", "fillingDate": "2015-07-24", "weightedAverageShsOutDil": 475000000, "costAndExpenses": 22720000000, "ebitda": 1968000000, "ebitdaratio": 0.0848861283644, "incomeBeforeTaxRatio": 0.0156142167012, "incomeTaxExpense": 266000000, "totalOtherIncomeExpensesNet": 48000000, "grossProfit": 8024000000, "otherExpenses": 4857000000, "incomeBeforeTax": 362000000, "operatingExpenses": 8428000000, "generalAndAdministrativeExpenses": 467000000, "netIncome": 92000000, "symbol": "AMZN", "weightedAverageShsOut": 466000000, "period": "Q2", "link": "https://www.sec.gov/Archives/edgar/data/1018724/000101872415000087/0001018724-15-000087-index.htm", "date": "2015-06-30", "netIncomeRatio": 0.00396825396825, "grossProfitRatio": 0.3461007591442374, "interestExpense": 113000000, "eps": 0.19, "epsdiluted": 0.19, "depreciationAndAmortization": 1504000000, "costOfRevenue": 15160000000, "operatingIncomeRatio": 0.0200138026225, "operatingIncome": 464000000}, {"finalLink": "https://www.sec.gov/Archives/edgar/data/1018724/000101872415000038/amzn-20150331x10q.htm", "sellingAndMarketingExpenses": 1083000000, "revenue": 22717000000, "researchAndDevelopmentExpenses": 2754000000, "acceptedDate": "2015-04-23 19:03:23", "fillingDate": "2015-04-24", "weightedAverageShsOutDil": 465000000, "costAndExpenses": 22462000000, "ebitda": 1681000000, "ebitdaratio": 0.073997446846, "incomeBeforeTaxRatio": 0.000924417836862, "incomeTaxExpense": 71000000, "totalOtherIncomeExpensesNet": 44000000, "grossProfit": 7322000000, "otherExpenses": 4209000000, "incomeBeforeTax": 21000000, "operatingExpenses": 7390000000, "generalAndAdministrativeExpenses": 427000000, "netIncome": -57000000, "symbol": "AMZN", "weightedAverageShsOut": 465000000, "period": "Q1", "link": "https://www.sec.gov/Archives/edgar/data/1018724/000101872415000038/0001018724-15-000038-index.htm", "date": "2015-03-31", "netIncomeRatio": -0.002509134128626139, "grossProfitRatio": 0.32231368578597525, "interestExpense": 115000000, "eps": -0.12, "epsdiluted": -0.12, "depreciationAndAmortization": 1426000000, "costOfRevenue": 15395000000, "operatingIncomeRatio": 0.0112250737333, "operatingIncome": 255000000}, {"finalLink": "https://www.sec.gov/Archives/edgar/data/1018724/000101872415000006/amzn-20141231x10k.htm", "sellingAndMarketingExpenses": 34000000, "revenue": 29329000000, "researchAndDevelopmentExpenses": 2636000000, "acceptedDate": "2015-01-29 19:38:08", "fillingDate": "2015-01-30", "weightedAverageShsOutDil": 462000000, "costAndExpenses": 28739000000, "ebitda": 1970000000, "ebitdaratio": 0.0671690136043, "incomeBeforeTaxRatio": 0.0146271608306, "incomeTaxExpense": 205000000, "totalOtherIncomeExpensesNet": 39000000, "grossProfit": 8657000000, "otherExpenses": 5460000000, "incomeBeforeTax": 429000000, "operatingExpenses": 8572000000, "generalAndAdministrativeExpenses": 442000000, "netIncome": 214000000, "symbol": "AMZN", "weightedAverageShsOut": 462000000, "period": "FY", "link": "https://www.sec.gov/Archives/edgar/data/1018724/000101872415000006/0001018724-15-000006-index.htm", "date": "2014-12-31", "netIncomeRatio": 0.00729653244229, "grossProfitRatio": 0.2951686044529305, "interestExpense": 74000000, "eps": 0.47, "epsdiluted": 0.47, "depreciationAndAmortization": 1380000000, "costOfRevenue": 20672000000, "operatingIncomeRatio": 0.0201166081353, "operatingIncome": 590000000}, {"finalLink": "https://www.sec.gov/Archives/edgar/data/1018724/000101872414000055/amzn-20140930x10q.htm", "sellingAndMarketingExpenses": 32000000, "revenue": 20578000000, "researchAndDevelopmentExpenses": 2422000000, "acceptedDate": "2014-10-23 19:33:37", "fillingDate": "2014-10-24", "weightedAverageShsOutDil": 461000000, "costAndExpenses": 21122000000, "ebitda": 703000000, "ebitdaratio": 0.034162698027, "incomeBeforeTaxRatio": -0.03076100690057343, "incomeTaxExpense": 205000000, "totalOtherIncomeExpensesNet": 31000000, "grossProfit": 5951000000, "otherExpenses": 4107000000, "incomeBeforeTax": -633000000, "operatingExpenses": 6967000000, "generalAndAdministrativeExpenses": 406000000, "netIncome": -437000000, "symbol": "AMZN", "weightedAverageShsOut": 461000000, "period": "Q3", "link": "https://www.sec.gov/Archives/edgar/data/1018724/000101872414000055/0001018724-14-000055-index.htm", "date": "2014-09-30", "netIncomeRatio": -0.021236271746525415, "grossProfitRatio": 0.2891923413354067, "interestExpense": 49000000, "eps": -0.95, "epsdiluted": -0.95, "depreciationAndAmortization": 1247000000, "costOfRevenue": 14627000000, "operatingIncomeRatio": 0.0015064632131402468, "operatingIncome": 31000000}, {"finalLink": "https://www.sec.gov/Archives/edgar/data/1018724/000101872414000025/amzn-20140630x10q.htm", "sellingAndMarketingExpenses": 59000000, "revenue": 19340000000, "researchAndDevelopmentExpenses": 2226000000, "acceptedDate": "2014-07-24 19:36:23", "fillingDate": "2014-07-25", "weightedAverageShsOutDil": 460000000, "costAndExpenses": 19354000000, "ebitda": 1095000000, "ebitdaratio": 0.0566184074457, "incomeBeforeTaxRatio": -0.0013960703205791107, "incomeTaxExpense": 94000000, "totalOtherIncomeExpensesNet": 28000000, "grossProfit": 5942000000, "otherExpenses": 3939000000, "incomeBeforeTax": -27000000, "operatingExpenses": 6601000000, "generalAndAdministrativeExpenses": 377000000, "netIncome": -126000000, "symbol": "AMZN", "weightedAverageShsOut": 460000000, "period": "Q2", "link": "https://www.sec.gov/Archives/edgar/data/1018724/000101872414000025/0001018724-14-000025-index.htm", "date": "2014-06-30", "netIncomeRatio": -0.006514994829369183, "grossProfitRatio": 0.30723888314374354, "interestExpense": 45000000, "eps": -0.27, "epsdiluted": -0.27, "depreciationAndAmortization": 1109000000, "costOfRevenue": 13398000000, "operatingIncomeRatio": 0.0014477766287487074, "operatingIncome": 28000000}, {"finalLink": "https://www.sec.gov/Archives/edgar/data/1018724/000101872414000014/amzn-20140331x10q.htm", "sellingAndMarketingExpenses": 870000000, "revenue": 19741000000, "researchAndDevelopmentExpenses": 1991000000, "acceptedDate": "2014-04-24 19:35:02", "fillingDate": "2014-04-25", "weightedAverageShsOutDil": 468000000, "costAndExpenses": 19595000000, "ebitda": 1156000000, "ebitdaratio": 0.0585583303784, "incomeBeforeTaxRatio": 0.00607871941644, "incomeTaxExpense": 73000000, "totalOtherIncomeExpensesNet": 35000000, "grossProfit": 5686000000, "otherExpenses": 3472000000, "incomeBeforeTax": 120000000, "operatingExpenses": 5790000000, "generalAndAdministrativeExpenses": 327000000, "netIncome": 108000000, "symbol": "AMZN", "weightedAverageShsOut": 460000000, "period": "Q1", "link": "https://www.sec.gov/Archives/edgar/data/1018724/000101872414000014/0001018724-14-000014-index.htm", "date": "2014-03-31", "netIncomeRatio": 0.0054708474748, "grossProfitRatio": 0.28802998834912114, "interestExpense": 42000000, "eps": 0.23, "epsdiluted": 0.23, "depreciationAndAmortization": 1010000000, "costOfRevenue": 14055000000, "operatingIncomeRatio": 0.00739577529001, "operatingIncome": 146000000}, {"finalLink": "https://www.sec.gov/Archives/edgar/data/1018724/000101872414000006/amzn-20131231x10k.htm", "sellingAndMarketingExpenses": 25000000, "revenue": 25587000000, "researchAndDevelopmentExpenses": 1862000000, "acceptedDate": "2014-01-30 21:52:38", "fillingDate": "2014-01-31", "weightedAverageShsOutDil": 465000000, "costAndExpenses": 25077000000, "ebitda": 1472000000, "ebitdaratio": 0.057529214054, "incomeBeforeTaxRatio": 0.0176652206198, "incomeTaxExpense": 179000000, "totalOtherIncomeExpensesNet": 40000000, "grossProfit": 6781000000, "otherExpenses": 4472000000, "incomeBeforeTax": 452000000, "operatingExpenses": 6678000000, "generalAndAdministrativeExpenses": 319000000, "netIncome": 240000000, "symbol": "AMZN", "weightedAverageShsOut": 457000000, "period": "FY", "link": "https://www.sec.gov/Archives/edgar/data/1018724/000101872414000006/0001018724-14-000006-index.htm", "date": "2013-12-31", "netIncomeRatio": 0.00937976316098, "grossProfitRatio": 0.2650173916441943, "interestExpense": 39000000, "eps": 0.52, "epsdiluted": 0.52, "depreciationAndAmortization": 962000000, "costOfRevenue": 18806000000, "operatingIncomeRatio": 0.0199319967171, "operatingIncome": 510000000}, {"finalLink": "https://www.sec.gov/Archives/edgar/data/1018724/000144530513002495/amzn-20130930x10q.htm", "sellingAndMarketingExpenses": 23000000, "revenue": 17091000000, "researchAndDevelopmentExpenses": 1734000000, "acceptedDate": "2013-10-24 19:56:06", "fillingDate": "2013-10-25", "weightedAverageShsOutDil": 464000000, "costAndExpenses": 17116000000, "ebitda": -77000000, "ebitdaratio": -0.004505295184600082, "incomeBeforeTaxRatio": -0.0025744543912000466, "incomeTaxExpense": 12000000, "totalOtherIncomeExpensesNet": 10000000, "grossProfit": 4726000000, "otherExpenses": 3140000000, "incomeBeforeTax": -44000000, "operatingExpenses": 5176000000, "generalAndAdministrativeExpenses": 279000000, "netIncome": -41000000, "symbol": "AMZN", "weightedAverageShsOut": 456000000, "period": "Q3", "link": "https://www.sec.gov/Archives/edgar/data/1018724/000144530513002495/0001445305-13-002495-index.htm", "date": "2013-09-30", "netIncomeRatio": -0.0023989234099818617, "grossProfitRatio": 0.2765198057457141, "interestExpense": 36000000, "eps": -0.08, "epsdiluted": -0.09, "depreciationAndAmortization": -87000000, "costOfRevenue": 12365000000, "operatingIncomeRatio": 0.0005851032707272834, "operatingIncome": 10000000}, {"finalLink": "https://www.sec.gov/Archives/edgar/data/1018724/000119312513303204/d542614d10q.htm", "sellingAndMarketingExpenses": 40000000, "revenue": 15704000000, "researchAndDevelopmentExpenses": 1586000000, "acceptedDate": "2013-07-25 20:13:37", "fillingDate": "2013-07-26", "weightedAverageShsOutDil": 463000000, "costAndExpenses": 15625000000, "ebitda": 1297000000, "ebitdaratio": 0.0825904228222, "incomeBeforeTaxRatio": 0.00108252674478, "incomeTaxExpense": 12000000, "totalOtherIncomeExpensesNet": 33000000, "grossProfit": 4495000000, "otherExpenses": 2856000000, "incomeBeforeTax": 17000000, "operatingExpenses": 4767000000, "generalAndAdministrativeExpenses": 285000000, "netIncome": -7000000.0, "symbol": "AMZN", "weightedAverageShsOut": 455000000, "period": "Q2", "link": "https://www.sec.gov/Archives/edgar/data/1018724/000119312513303204/0001193125-13-303204-index.htm", "date": "2013-06-30", "netIncomeRatio": -0.000445746306673459, "grossProfitRatio": 0.28623280692817116, "interestExpense": 33000000, "eps": -0.02, "epsdiluted": -0.02, "depreciationAndAmortization": 1218000000, "costOfRevenue": 11209000000, "operatingIncomeRatio": 0.00503056546103, "operatingIncome": 79000000}, {"finalLink": "https://www.sec.gov/Archives/edgar/data/1018724/000119312513174667/d492540d10q.htm", "sellingAndMarketingExpenses": 632000000, "revenue": 16070000000, "researchAndDevelopmentExpenses": 1383000000, "acceptedDate": "2013-04-25 19:36:25", "fillingDate": "2013-04-26", "weightedAverageShsOutDil": 463000000, "costAndExpenses": 15889000000, "ebitda": 1341000000, "ebitdaratio": 0.0834474175482, "incomeBeforeTaxRatio": 0.00504044803983, "incomeTaxExpense": 18000000, "totalOtherIncomeExpensesNet": 31000000, "grossProfit": 4269000000, "otherExpenses": 2704000000, "incomeBeforeTax": 81000000, "operatingExpenses": 4333000000, "generalAndAdministrativeExpenses": 246000000, "netIncome": 82000000, "symbol": "AMZN", "weightedAverageShsOut": 455000000, "period": "Q1", "link": "https://www.sec.gov/Archives/edgar/data/1018724/000119312513174667/0001193125-13-174667-index.htm", "date": "2013-03-31", "netIncomeRatio": 0.0051026757934, "grossProfitRatio": 0.2656502800248911, "interestExpense": 33000000, "eps": 0.18, "epsdiluted": 0.18, "depreciationAndAmortization": 1160000000, "costOfRevenue": 11801000000, "operatingIncomeRatio": 0.0112632233976, "operatingIncome": 181000000}, {"finalLink": "https://www.sec.gov/Archives/edgar/data/1018724/000119312513028520/d445434d10k.htm", "sellingAndMarketingExpenses": 851000000, "revenue": 21268000000, "researchAndDevelopmentExpenses": 1345000000, "acceptedDate": "2013-01-29 19:13:32", "fillingDate": "2013-01-30", "weightedAverageShsOutDil": 453000000, "costAndExpenses": 20863000000, "ebitda": 1613000000, "ebitdaratio": 0.0758416400226, "incomeBeforeTaxRatio": 0.0158454015422, "incomeTaxExpense": 194000000, "totalOtherIncomeExpensesNet": 38000000, "grossProfit": 5131000000, "otherExpenses": 3401000000, "incomeBeforeTax": 337000000, "operatingExpenses": 4980000000, "generalAndAdministrativeExpenses": 234000000, "netIncome": 98000000, "symbol": "AMZN", "weightedAverageShsOut": 453000000, "period": "FY", "link": "https://www.sec.gov/Archives/edgar/data/1018724/000119312513028520/0001193125-13-028520-index.htm", "date": "2012-12-31", "netIncomeRatio": 0.00460786157608, "grossProfitRatio": 0.24125446680458906, "interestExpense": 27000000, "eps": 0.21, "epsdiluted": 0.21, "depreciationAndAmortization": 1208000000, "costOfRevenue": 16137000000, "operatingIncomeRatio": 0.0190426932481, "operatingIncome": 405000000}, {"finalLink": "https://www.sec.gov/Archives/edgar/data/1018724/000119312512436012/d403488d10q.htm", "sellingAndMarketingExpenses": 540000000, "revenue": 13806000000, "researchAndDevelopmentExpenses": 1192000000, "acceptedDate": "2012-10-25 19:35:25", "fillingDate": "2012-10-26", "weightedAverageShsOutDil": 459000000, "costAndExpenses": 13833000000, "ebitda": 901000000, "ebitdaratio": 0.0652614805157, "incomeBeforeTaxRatio": -0.0015935100680863393, "incomeTaxExpense": 83000000, "totalOtherIncomeExpensesNet": 5000000.0, "grossProfit": 3487000000, "otherExpenses": 2323000000, "incomeBeforeTax": -22000000, "operatingExpenses": 3745000000, "generalAndAdministrativeExpenses": 230000000, "netIncome": -274000000, "symbol": "AMZN", "weightedAverageShsOut": 452000000, "period": "Q3", "link": "https://www.sec.gov/Archives/edgar/data/1018724/000119312512436012/0001193125-12-436012-index.htm", "date": "2012-09-30", "netIncomeRatio": -0.019846443575257135, "grossProfitRatio": 0.2525713457916848, "interestExpense": 23000000, "eps": -0.6, "epsdiluted": -0.6, "depreciationAndAmortization": 928000000, "costOfRevenue": 10319000000, "operatingIncomeRatio": 0.003042155584528466, "operatingIncome": 42000000}, {"finalLink": "https://www.sec.gov/Archives/edgar/data/1018724/000119312512317409/d363661d10q.htm", "sellingAndMarketingExpenses": 537000000, "revenue": 12834000000, "researchAndDevelopmentExpenses": 1082000000, "acceptedDate": "2012-07-26 20:02:00", "fillingDate": "2012-07-27", "weightedAverageShsOutDil": 459000000, "costAndExpenses": 12728000000, "ebitda": 924000000, "ebitdaratio": 0.0719962599345, "incomeBeforeTaxRatio": 0.0112981143837, "incomeTaxExpense": 108000000, "totalOtherIncomeExpensesNet": 39000000, "grossProfit": 3346000000, "otherExpenses": 2149000000, "incomeBeforeTax": 145000000, "operatingExpenses": 3463000000, "generalAndAdministrativeExpenses": 232000000, "netIncome": 7000000.0, "symbol": "AMZN", "weightedAverageShsOut": 452000000, "period": "Q2", "link": "https://www.sec.gov/Archives/edgar/data/1018724/000119312512317409/0001193125-12-317409-index.htm", "date": "2012-06-30", "netIncomeRatio": 0.000545426211625, "grossProfitRatio": 0.2607137291569269, "interestExpense": 21000000, "eps": 0.01, "epsdiluted": 0.02, "depreciationAndAmortization": 818000000, "costOfRevenue": 9488000000, "operatingIncomeRatio": 0.00825931120461, "operatingIncome": 106000000}, {"finalLink": "https://www.sec.gov/Archives/edgar/data/1018724/000119312512187203/d316991d10q.htm", "sellingAndMarketingExpenses": 480000000, "revenue": 13185000000, "researchAndDevelopmentExpenses": 945000000, "acceptedDate": "2012-04-26 21:25:46", "fillingDate": "2012-04-27", "weightedAverageShsOutDil": 460000000, "costAndExpenses": 12993000000, "ebitda": 918000000, "ebitdaratio": 0.0696245733788, "incomeBeforeTaxRatio": 0.00637087599545, "incomeTaxExpense": 43000000, "totalOtherIncomeExpensesNet": 46000000, "grossProfit": 3158000000, "otherExpenses": 2007000000, "incomeBeforeTax": 84000000, "operatingExpenses": 3152000000, "generalAndAdministrativeExpenses": 200000000, "netIncome": 130000000, "symbol": "AMZN", "weightedAverageShsOut": 453000000, "period": "Q1", "link": "https://www.sec.gov/Archives/edgar/data/1018724/000119312512187203/0001193125-12-187203-index.htm", "date": "2012-03-31", "netIncomeRatio": 0.00985968904058, "grossProfitRatio": 0.23951459992415625, "interestExpense": 21000000, "eps": 0.29, "epsdiluted": 0.28, "depreciationAndAmortization": 726000000, "costOfRevenue": 10027000000, "operatingIncomeRatio": 0.0145620022753, "operatingIncome": 192000000}, {"finalLink": "https://www.sec.gov/Archives/edgar/data/1018724/000119312512032846/d269317d10k.htm", "sellingAndMarketingExpenses": 593000000, "revenue": 17431000000, "researchAndDevelopmentExpenses": 862000000, "acceptedDate": "2012-01-31 21:58:32", "fillingDate": "2012-02-01", "weightedAverageShsOutDil": 461000000, "costAndExpenses": 17171000000, "ebitda": 919000000, "ebitdaratio": 0.052722161666, "incomeBeforeTaxRatio": 0.0156617520509, "incomeTaxExpense": 86000000, "totalOtherIncomeExpensesNet": 13000000, "grossProfit": 3600000000, "otherExpenses": 2479000000, "incomeBeforeTax": 273000000, "operatingExpenses": 3525000000, "generalAndAdministrativeExpenses": 184000000, "netIncome": 177000000, "symbol": "AMZN", "weightedAverageShsOut": 453000000, "period": "FY", "link": "https://www.sec.gov/Archives/edgar/data/1018724/000119312512032846/0001193125-12-032846-index.htm", "date": "2011-12-31", "netIncomeRatio": 0.0101543227583, "grossProfitRatio": 0.20652859847398314, "interestExpense": 20000000, "eps": 0.39, "epsdiluted": 0.38, "depreciationAndAmortization": 659000000, "costOfRevenue": 13831000000, "operatingIncomeRatio": 0.0149159543342, "operatingIncome": 260000000}, {"finalLink": "https://www.sec.gov/Archives/edgar/data/1018724/000119312511280739/d233845d10q.htm", "sellingAndMarketingExpenses": 370000000, "revenue": 10876000000, "researchAndDevelopmentExpenses": 769000000, "acceptedDate": "2011-10-25 21:10:22", "fillingDate": "2011-10-26", "weightedAverageShsOutDil": 460000000, "costAndExpenses": 10797000000, "ebitda": 607000000, "ebitdaratio": 0.0558109599117, "incomeBeforeTaxRatio": 0.0119529238691, "incomeTaxExpense": 67000000, "totalOtherIncomeExpensesNet": 51000000, "grossProfit": 2552000000, "otherExpenses": 1696000000, "incomeBeforeTax": 130000000, "operatingExpenses": 2639000000, "generalAndAdministrativeExpenses": 174000000, "netIncome": 63000000, "symbol": "AMZN", "weightedAverageShsOut": 453000000, "period": "Q3", "link": "https://www.sec.gov/Archives/edgar/data/1018724/000119312511280739/0001193125-11-280739-index.htm", "date": "2011-09-30", "netIncomeRatio": 0.00579257079809, "grossProfitRatio": 0.23464509010665685, "interestExpense": 18000000, "eps": 0.13, "epsdiluted": 0.14, "depreciationAndAmortization": 528000000, "costOfRevenue": 8324000000, "operatingIncomeRatio": 0.00726369988967, "operatingIncome": 79000000}, {"finalLink": "https://www.sec.gov/Archives/edgar/data/1018724/000119312511197823/d10q.htm", "sellingAndMarketingExpenses": 340000000, "revenue": 9913000000, "researchAndDevelopmentExpenses": 699000000, "acceptedDate": "2011-07-26 21:56:04", "fillingDate": "2011-07-27", "weightedAverageShsOutDil": 460000000, "costAndExpenses": 9712000000, "ebitda": 696000000, "ebitdaratio": 0.070210834258, "incomeBeforeTaxRatio": 0.0225965903359, "incomeTaxExpense": 49000000, "totalOtherIncomeExpensesNet": 23000000, "grossProfit": 2388000000, "otherExpenses": 1492000000, "incomeBeforeTax": 224000000, "operatingExpenses": 2358000000, "generalAndAdministrativeExpenses": 167000000, "netIncome": 190000000, "symbol": "AMZN", "weightedAverageShsOut": 452000000, "period": "Q2", "link": "https://www.sec.gov/Archives/edgar/data/1018724/000119312511197823/0001193125-11-197823-index.htm", "date": "2011-06-30", "netIncomeRatio": 0.0191667507314, "grossProfitRatio": 0.24089579340260264, "interestExpense": 15000000, "eps": 0.43, "epsdiluted": 0.41, "depreciationAndAmortization": 495000000, "costOfRevenue": 7525000000, "operatingIncomeRatio": 0.0202764047211, "operatingIncome": 201000000}, {"finalLink": "https://www.sec.gov/Archives/edgar/data/1018724/000119312511110197/d10q.htm", "sellingAndMarketingExpenses": 327000000, "revenue": 9857000000, "researchAndDevelopmentExpenses": 579000000, "acceptedDate": "2011-04-26 21:39:57", "fillingDate": "2011-04-27", "weightedAverageShsOutDil": 459000000, "costAndExpenses": 9535000000, "ebitda": 744000000, "ebitdaratio": 0.0754793547733, "incomeBeforeTaxRatio": 0.0311453789185, "incomeTaxExpense": 89000000, "totalOtherIncomeExpensesNet": 33000000, "grossProfit": 2249000000, "otherExpenses": 1343000000, "incomeBeforeTax": 307000000, "operatingExpenses": 2055000000, "generalAndAdministrativeExpenses": 133000000, "netIncome": 201000000, "symbol": "AMZN", "weightedAverageShsOut": 451000000, "period": "Q1", "link": "https://www.sec.gov/Archives/edgar/data/1018724/000119312511110197/0001193125-11-110197-index.htm", "date": "2011-03-31", "netIncomeRatio": 0.0203915998783, "grossProfitRatio": 0.22816272699604342, "interestExpense": 12000000, "eps": 0.44, "epsdiluted": 0.44, "depreciationAndAmortization": 422000000, "costOfRevenue": 7608000000, "operatingIncomeRatio": 0.0326671401035, "operatingIncome": 322000000}, {"finalLink": "https://www.sec.gov/Archives/edgar/data/1018724/000119312511016253/d10k.htm", "sellingAndMarketingExpenses": 376000000, "revenue": 12947000000, "researchAndDevelopmentExpenses": 518000000, "acceptedDate": "2011-01-27 20:08:28", "fillingDate": "2011-01-28", "weightedAverageShsOutDil": 456000000, "costAndExpenses": 22790000000, "ebitda": 2190000000, "ebitdaratio": 0.169151154708, "incomeBeforeTaxRatio": 0.0391596508844, "incomeTaxExpense": 85000000, "totalOtherIncomeExpensesNet": 33000000, "grossProfit": 2630000000, "otherExpenses": 11954000000, "incomeBeforeTax": 507000000, "operatingExpenses": 12473000000, "generalAndAdministrativeExpenses": 143000000, "netIncome": 416000000, "symbol": "AMZN", "weightedAverageShsOut": 447000000, "period": "FY", "link": "https://www.sec.gov/Archives/edgar/data/1018724/000119312511016253/0001193125-11-016253-index.htm", "date": "2010-12-31", "netIncomeRatio": 0.0321309955974, "grossProfitRatio": 0.20313586158955743, "interestExpense": 11000000, "eps": 0.93, "epsdiluted": 0.91, "depreciationAndAmortization": 1716000000, "costOfRevenue": 10317000000, "operatingIncomeRatio": 0.0366107978682, "operatingIncome": 474000000}, {"finalLink": "https://www.sec.gov/Archives/edgar/data/1018724/000119312510233883/d10q.htm", "sellingAndMarketingExpenses": 241000000, "revenue": 7560000000, "researchAndDevelopmentExpenses": 443000000, "acceptedDate": "2010-10-21 20:02:18", "fillingDate": "2010-10-22", "weightedAverageShsOutDil": 455000000, "costAndExpenses": 13079000000, "ebitda": 216000000, "ebitdaratio": 0.0285714285714, "incomeBeforeTaxRatio": 0.0384920634921, "incomeTaxExpense": 78000000, "totalOtherIncomeExpensesNet": 24000000, "grossProfit": 1774000000, "otherExpenses": 6733000000, "incomeBeforeTax": 291000000, "operatingExpenses": 7293000000, "generalAndAdministrativeExpenses": 117000000, "netIncome": 231000000, "symbol": "AMZN", "weightedAverageShsOut": 447000000, "period": "Q3", "link": "https://www.sec.gov/Archives/edgar/data/1018724/000119312510233883/0001193125-10-233883-index.htm", "date": "2010-09-30", "netIncomeRatio": 0.0305555555556, "grossProfitRatio": 0.23465608465608465, "interestExpense": 12000000, "eps": 0.52, "epsdiluted": 0.51, "depreciationAndAmortization": -51000000, "costOfRevenue": 5786000000, "operatingIncomeRatio": 0.0353174603175, "operatingIncome": 267000000}, {"finalLink": "https://www.sec.gov/Archives/edgar/data/1018724/000119312510164083/d10q.htm", "sellingAndMarketingExpenses": 211000000, "revenue": 6566000000, "researchAndDevelopmentExpenses": 407000000, "acceptedDate": "2010-07-22 19:45:58", "fillingDate": "2010-07-23", "weightedAverageShsOutDil": 455000000, "costAndExpenses": 11252000000, "ebitda": 187000000, "ebitdaratio": 0.0284800487359, "incomeBeforeTaxRatio": 0.0453853183064, "incomeTaxExpense": 89000000, "totalOtherIncomeExpensesNet": 27000000, "grossProfit": 1609000000, "otherExpenses": 5775000000, "incomeBeforeTax": 298000000, "operatingExpenses": 6295000000, "generalAndAdministrativeExpenses": 113000000, "netIncome": 206000000, "symbol": "AMZN", "weightedAverageShsOut": 446000000, "period": "Q2", "link": "https://www.sec.gov/Archives/edgar/data/1018724/000119312510164083/0001193125-10-164083-index.htm", "date": "2010-06-30", "netIncomeRatio": 0.0313737435273, "grossProfitRatio": 0.24505025890953397, "interestExpense": 9000000.0, "eps": 0.46, "epsdiluted": 0.45, "depreciationAndAmortization": -84000000, "costOfRevenue": 4957000000, "operatingIncomeRatio": 0.0412732257082, "operatingIncome": 271000000}, {"finalLink": "https://www.sec.gov/Archives/edgar/data/1018724/000119312510090367/d10q.htm", "sellingAndMarketingExpenses": 201000000, "revenue": 7131000000, "researchAndDevelopmentExpenses": 366000000, "acceptedDate": "2010-04-22 18:54:49", "fillingDate": "2010-04-23", "weightedAverageShsOutDil": 454000000, "costAndExpenses": 12238000000, "ebitda": 286000000, "ebitdaratio": 0.0401065769177, "incomeBeforeTaxRatio": 0.0562333473566, "incomeTaxExpense": 100000000, "totalOtherIncomeExpensesNet": 7000000.0, "grossProfit": 1630000000, "otherExpenses": 6274000000, "incomeBeforeTax": 401000000, "operatingExpenses": 6737000000, "generalAndAdministrativeExpenses": 97000000, "netIncome": 299000000, "symbol": "AMZN", "weightedAverageShsOut": 445000000, "period": "Q1", "link": "https://www.sec.gov/Archives/edgar/data/1018724/000119312510090367/0001193125-10-090367-index.htm", "date": "2010-03-31", "netIncomeRatio": 0.0419296031412, "grossProfitRatio": 0.22857944187351004, "interestExpense": 7000000.0, "eps": 0.67, "epsdiluted": 0.66, "depreciationAndAmortization": -108000000, "costOfRevenue": 5501000000, "operatingIncomeRatio": 0.0552517178516, "operatingIncome": 394000000}, {"finalLink": "https://www.sec.gov/Archives/edgar/data/1018724/000119312510016098/d10k.htm", "sellingAndMarketingExpenses": 274000000, "revenue": 9520000000, "researchAndDevelopmentExpenses": 0.0, "acceptedDate": "2010-01-28 21:42:22", "fillingDate": "2010-01-29", "weightedAverageShsOutDil": 442000000, "costAndExpenses": 9044000000, "ebitda": 134000000, "ebitdaratio": 0.01407563025210084, "incomeBeforeTaxRatio": 0.049474789915966384, "incomeTaxExpense": -84000000, "totalOtherIncomeExpensesNet": 22000000, "grossProfit": 1977000000, "otherExpenses": 1401000000, "incomeBeforeTax": 471000000, "operatingExpenses": 1501000000, "generalAndAdministrativeExpenses": 100000000, "netIncome": 384000000, "symbol": "AMZN", "weightedAverageShsOut": 433000000, "period": "FY", "link": "https://www.sec.gov/Archives/edgar/data/1018724/000119312510016098/0001193125-10-016098-index.htm", "date": "2009-12-31", "netIncomeRatio": 0.040336134453781515, "grossProfitRatio": 0.20766806722689077, "interestExpense": -8000000.0, "eps": 2.08, "epsdiluted": 2.08, "depreciationAndAmortization": 112000000, "costOfRevenue": 7543000000, "operatingIncomeRatio": 0.002310924369747899, "operatingIncome": 22000000}, {"finalLink": "https://www.sec.gov/Archives/edgar/data/1018724/000119312509212134/d10q.htm", "sellingAndMarketingExpenses": 149000000, "revenue": 5448000000, "researchAndDevelopmentExpenses": 0.0, "acceptedDate": "2009-10-22 18:34:19", "fillingDate": "2009-10-23", "weightedAverageShsOutDil": 442000000, "costAndExpenses": 5197000000, "ebitda": 104000000, "ebitdaratio": 0.01908957415565345, "incomeBeforeTaxRatio": 0.04827459618208517, "incomeTaxExpense": -61000000, "totalOtherIncomeExpensesNet": 9000000.0, "grossProfit": 1273000000, "otherExpenses": 939000000, "incomeBeforeTax": 263000000, "operatingExpenses": 1022000000, "generalAndAdministrativeExpenses": 83000000, "netIncome": 199000000, "symbol": "AMZN", "weightedAverageShsOut": 433000000, "period": "Q3", "link": "https://www.sec.gov/Archives/edgar/data/1018724/000119312509212134/0001193125-09-212134-index.htm", "date": "2009-09-30", "netIncomeRatio": 0.036527165932452275, "grossProfitRatio": 0.23366372980910427, "interestExpense": -7000000.0, "eps": 1.2, "epsdiluted": 1.2, "depreciationAndAmortization": 95000000, "costOfRevenue": 4175000000, "operatingIncomeRatio": 0.0016519823788546256, "operatingIncome": 9000000.0}, {"finalLink": "https://www.sec.gov/Archives/edgar/data/1018724/000119312509154174/d10q.htm", "sellingAndMarketingExpenses": 129000000, "revenue": 4652000000, "researchAndDevelopmentExpenses": 0.0, "acceptedDate": "2009-07-23 18:14:16", "fillingDate": "2009-07-24", "weightedAverageShsOutDil": 442000000, "costAndExpenses": 4494000000, "ebitda": -89000000, "ebitdaratio": -0.019131556319862426, "incomeBeforeTaxRatio": 0.038478073946689596, "incomeTaxExpense": -39000000, "totalOtherIncomeExpensesNet": 67000000, "grossProfit": 1133000000, "otherExpenses": 898000000, "incomeBeforeTax": 179000000, "operatingExpenses": 975000000, "generalAndAdministrativeExpenses": 77000000, "netIncome": 142000000, "symbol": "AMZN", "weightedAverageShsOut": 433000000, "period": "Q2", "link": "https://www.sec.gov/Archives/edgar/data/1018724/000119312509154174/0001193125-09-154174-index.htm", "date": "2009-06-30", "netIncomeRatio": 0.030524505588993982, "grossProfitRatio": 0.2435511607910576, "interestExpense": -7000000.0, "eps": 0.74, "epsdiluted": 0.74, "depreciationAndAmortization": 84000000, "costOfRevenue": 3519000000, "operatingIncomeRatio": -0.03718830610490112, "operatingIncome": -173000000}, {"finalLink": "https://www.sec.gov/Archives/edgar/data/1018724/000119312509085983/d10q.htm", "sellingAndMarketingExpenses": 128000000, "revenue": 4889000000, "researchAndDevelopmentExpenses": 0.0, "acceptedDate": "2009-04-23 18:54:30", "fillingDate": "2009-04-24", "weightedAverageShsOutDil": 437000000, "costAndExpenses": 4645000000, "ebitda": 331000000, "ebitdaratio": 0.0677030067498466, "incomeBeforeTaxRatio": 0.05072611986091225, "incomeTaxExpense": -69000000, "totalOtherIncomeExpensesNet": 4000000.0, "grossProfit": 1148000000, "otherExpenses": 836000000, "incomeBeforeTax": 248000000, "operatingExpenses": 904000000, "generalAndAdministrativeExpenses": 68000000, "netIncome": 177000000, "symbol": "AMZN", "weightedAverageShsOut": 429000000, "period": "Q1", "link": "https://www.sec.gov/Archives/edgar/data/1018724/000119312509085983/0001193125-09-085983-index.htm", "date": "2009-03-31", "netIncomeRatio": 0.03620372264266721, "grossProfitRatio": 0.23481284516260995, "interestExpense": -12000000, "eps": 0.41, "epsdiluted": 0.41, "depreciationAndAmortization": 87000000, "costOfRevenue": 3741000000, "operatingIncomeRatio": 0.04990795663734915, "operatingIncome": 244000000}, {"finalLink": "https://www.sec.gov/Archives/edgar/data/1018724/000119312509014406/d10k.htm", "sellingAndMarketingExpenses": 169000000, "revenue": 6703000000, "researchAndDevelopmentExpenses": 0.0, "acceptedDate": "2009-01-29 18:48:15", "fillingDate": "2009-01-30", "weightedAverageShsOutDil": 432000000, "costAndExpenses": 6430000000, "ebitda": 85000000, "ebitdaratio": 0.0126808891541101, "incomeBeforeTaxRatio": 0.04520364016112188, "incomeTaxExpense": -414000000, "totalOtherIncomeExpensesNet": 8000000.0, "grossProfit": 1348000000, "otherExpenses": 1004000000, "incomeBeforeTax": 303000000, "operatingExpenses": 1075000000, "generalAndAdministrativeExpenses": 71000000, "netIncome": 225000000, "symbol": "AMZN", "weightedAverageShsOut": 423000000, "period": "FY", "link": "https://www.sec.gov/Archives/edgar/data/1018724/000119312509014406/0001193125-09-014406-index.htm", "date": "2008-12-31", "netIncomeRatio": 0.03356705952558556, "grossProfitRatio": 0.20110398329106371, "interestExpense": -11000000, "eps": 1.52, "epsdiluted": 1.52, "depreciationAndAmortization": 77000000, "costOfRevenue": 5355000000, "operatingIncomeRatio": 0.0011934954497985976, "operatingIncome": 8000000.0}, {"finalLink": "https://www.sec.gov/Archives/edgar/data/1018724/000119312508214483/d10q.htm", "sellingAndMarketingExpenses": 108000000, "revenue": 4265000000, "researchAndDevelopmentExpenses": 0.0, "acceptedDate": "2008-10-22 17:10:04", "fillingDate": "2008-10-22", "weightedAverageShsOutDil": 431000000, "costAndExpenses": 4111000000, "ebitda": 83000000, "ebitdaratio": 0.019460726846424383, "incomeBeforeTaxRatio": 0.0429073856975381, "incomeTaxExpense": 59000000, "totalOtherIncomeExpensesNet": 7000000.0, "grossProfit": 999000000, "otherExpenses": 772000000, "incomeBeforeTax": 183000000, "operatingExpenses": 845000000, "generalAndAdministrativeExpenses": 73000000, "netIncome": 119000000, "symbol": "AMZN", "weightedAverageShsOut": 421000000, "period": "Q3", "link": "https://www.sec.gov/Archives/edgar/data/1018724/000119312508214483/0001193125-08-214483-index.htm", "date": "2008-09-30", "netIncomeRatio": 0.027901524032825323, "grossProfitRatio": 0.23423212192262602, "interestExpense": -17000000, "eps": 1.0, "epsdiluted": 1.0, "depreciationAndAmortization": 76000000, "costOfRevenue": 3266000000, "operatingIncomeRatio": 0.0016412661195779601, "operatingIncome": 7000000.0}, {"finalLink": "https://www.sec.gov/Archives/edgar/data/1018724/000119312508157451/d10q.htm", "sellingAndMarketingExpenses": 102000000, "revenue": 4063000000, "researchAndDevelopmentExpenses": 0.0, "acceptedDate": "2008-07-24 20:20:10", "fillingDate": "2008-07-25", "weightedAverageShsOutDil": 428000000, "costAndExpenses": 3846000000, "ebitda": -168000000, "ebitdaratio": -0.04134875707605218, "incomeBeforeTaxRatio": 0.051193699237016985, "incomeTaxExpense": 46000000, "totalOtherIncomeExpensesNet": -42000000, "grossProfit": 967000000, "otherExpenses": 676000000, "incomeBeforeTax": 208000000, "operatingExpenses": 750000000, "generalAndAdministrativeExpenses": 74000000, "netIncome": 158000000, "symbol": "AMZN", "weightedAverageShsOut": 419000000, "period": "Q2", "link": "https://www.sec.gov/Archives/edgar/data/1018724/000119312508157451/0001193125-08-157451-index.htm", "date": "2008-06-30", "netIncomeRatio": 0.03888752153581098, "grossProfitRatio": 0.23800147674132416, "interestExpense": -21000000, "eps": 0.72, "epsdiluted": 0.72, "depreciationAndAmortization": 69000000, "costOfRevenue": 3096000000, "operatingIncomeRatio": -0.05833128230371647, "operatingIncome": -237000000}, {"finalLink": "https://www.sec.gov/Archives/edgar/data/1018724/000119312508089548/d10q.htm", "sellingAndMarketingExpenses": 103000000, "revenue": 4135000000, "researchAndDevelopmentExpenses": 0.0, "acceptedDate": "2008-04-24 17:33:42", "fillingDate": "2008-04-25", "weightedAverageShsOutDil": 426000000, "costAndExpenses": 3937000000, "ebitda": 263000000, "ebitdaratio": 0.06360338573155985, "incomeBeforeTaxRatio": 0.05006045949214027, "incomeTaxExpense": 62000000, "totalOtherIncomeExpensesNet": 3000000.0, "grossProfit": 956000000, "otherExpenses": 697000000, "incomeBeforeTax": 207000000, "operatingExpenses": 758000000, "generalAndAdministrativeExpenses": 61000000, "netIncome": 143000000, "symbol": "AMZN", "weightedAverageShsOut": 417000000, "period": "Q1", "link": "https://www.sec.gov/Archives/edgar/data/1018724/000119312508089548/0001193125-08-089548-index.htm", "date": "2008-03-31", "netIncomeRatio": 0.034582829504232165, "grossProfitRatio": 0.23119709794437726, "interestExpense": -22000000, "eps": 0.34, "epsdiluted": 0.34, "depreciationAndAmortization": 65000000, "costOfRevenue": 3179000000, "operatingIncomeRatio": 0.04788391777509069, "operatingIncome": 198000000}, {"finalLink": "https://www.sec.gov/Archives/edgar/data/1018724/000119312508024707/d10k.htm", "sellingAndMarketingExpenses": 133000000, "revenue": 5672000000, "researchAndDevelopmentExpenses": 0.0, "acceptedDate": "2008-02-08 21:43:32", "fillingDate": "2008-02-11", "weightedAverageShsOutDil": 424000000, "costAndExpenses": 5401000000, "ebitda": 334000000, "ebitdaratio": 0.058885754583921014, "incomeBeforeTaxRatio": 0.04954160789844852, "incomeTaxExpense": 74000000, "totalOtherIncomeExpensesNet": 1000000.0, "grossProfit": 1170000000, "otherExpenses": 835000000, "incomeBeforeTax": 281000000, "operatingExpenses": 899000000, "generalAndAdministrativeExpenses": 64000000, "netIncome": 207000000, "symbol": "AMZN", "weightedAverageShsOut": 413000000, "period": "FY", "link": "https://www.sec.gov/Archives/edgar/data/1018724/000119312508024707/0001193125-08-024707-index.htm", "date": "2007-12-31", "netIncomeRatio": 0.0364950634696756, "grossProfitRatio": 0.20627644569816644, "interestExpense": -20000000, "eps": 1.15, "epsdiluted": 1.15, "depreciationAndAmortization": 63000000, "costOfRevenue": 4502000000, "operatingIncomeRatio": 0.04777856135401975, "operatingIncome": 271000000}, {"finalLink": "https://www.sec.gov/Archives/edgar/data/1018724/000119312507225370/d10q.htm", "sellingAndMarketingExpenses": 74000000, "revenue": 3262000000, "researchAndDevelopmentExpenses": 0.0, "acceptedDate": "2007-10-25 09:00:24", "fillingDate": "2007-10-25", "weightedAverageShsOutDil": 423000000, "costAndExpenses": 3140000000, "ebitda": 183000000, "ebitdaratio": 0.056100551808706316, "incomeBeforeTaxRatio": 0.03801348865726548, "incomeTaxExpense": 44000000, "totalOtherIncomeExpensesNet": -1000000.0, "grossProfit": 762000000, "otherExpenses": 583000000, "incomeBeforeTax": 124000000, "operatingExpenses": 640000000, "generalAndAdministrativeExpenses": 57000000, "netIncome": 80000000, "symbol": "AMZN", "weightedAverageShsOut": 412000000, "period": "Q3", "link": "https://www.sec.gov/Archives/edgar/data/1018724/000119312507225370/0001193125-07-225370-index.htm", "date": "2007-09-30", "netIncomeRatio": 0.024524831391784182, "grossProfitRatio": 0.23359901900674432, "interestExpense": -19000000, "eps": 0.65, "epsdiluted": 0.65, "depreciationAndAmortization": 61000000, "costOfRevenue": 2500000000, "operatingIncomeRatio": 0.03740036787247088, "operatingIncome": 122000000}, {"finalLink": "https://www.sec.gov/Archives/edgar/data/1018724/000119312507162415/d10q.htm", "sellingAndMarketingExpenses": 65000000, "revenue": 2886000000, "researchAndDevelopmentExpenses": 0.0, "acceptedDate": "2007-07-26 09:00:48", "fillingDate": "2007-07-26", "weightedAverageShsOutDil": 421000000, "costAndExpenses": 2769000000, "ebitda": 177000000, "ebitdaratio": 0.061330561330561334, "incomeBeforeTaxRatio": 0.038461538461538464, "incomeTaxExpense": 33000000, "totalOtherIncomeExpensesNet": -1000000.0, "grossProfit": 702000000, "otherExpenses": 527000000, "incomeBeforeTax": 111000000, "operatingExpenses": 585000000, "generalAndAdministrativeExpenses": 58000000, "netIncome": 78000000, "symbol": "AMZN", "weightedAverageShsOut": 412000000, "period": "Q2", "link": "https://www.sec.gov/Archives/edgar/data/1018724/000119312507162415/0001193125-07-162415-index.htm", "date": "2007-06-30", "netIncomeRatio": 0.02702702702702703, "grossProfitRatio": 0.24324324324324326, "interestExpense": -19000000, "eps": 0.46, "epsdiluted": 0.46, "depreciationAndAmortization": 60000000, "costOfRevenue": 2184000000, "operatingIncomeRatio": 0.04054054054054054, "operatingIncome": 117000000}, {"finalLink": "https://www.sec.gov/Archives/edgar/data/1018724/000119312507090895/d10q.htm", "sellingAndMarketingExpenses": 72000000, "revenue": 3015000000, "researchAndDevelopmentExpenses": 0.0, "acceptedDate": "2007-04-26 06:34:52", "fillingDate": "2007-04-26", "weightedAverageShsOutDil": 420000000, "costAndExpenses": 2870000000, "ebitda": 207000000, "ebitdaratio": 0.06865671641791045, "incomeBeforeTaxRatio": 0.04776119402985075, "incomeTaxExpense": 33000000, "totalOtherIncomeExpensesNet": 0.0, "grossProfit": 719000000, "otherExpenses": 518000000, "incomeBeforeTax": 144000000, "operatingExpenses": 574000000, "generalAndAdministrativeExpenses": 56000000, "netIncome": 111000000, "symbol": "AMZN", "weightedAverageShsOut": 412000000, "period": "Q1", "link": "https://www.sec.gov/Archives/edgar/data/1018724/000119312507090895/0001193125-07-090895-index.htm", "date": "2007-03-31", "netIncomeRatio": 0.03681592039800995, "grossProfitRatio": 0.23847429519071311, "interestExpense": -19000000, "eps": 0.27, "epsdiluted": 0.27, "depreciationAndAmortization": 62000000, "costOfRevenue": 2296000000, "operatingIncomeRatio": 0.04809286898839138, "operatingIncome": 145000000}, {"finalLink": "https://www.sec.gov/Archives/edgar/data/1018724/000119312507034081/d10k.htm", "sellingAndMarketingExpenses": 92000000, "revenue": 3986000000, "researchAndDevelopmentExpenses": 0.0, "acceptedDate": "2007-02-16 16:14:12", "fillingDate": "2007-02-16", "weightedAverageShsOutDil": 424000000, "costAndExpenses": 3789000000, "ebitda": -123000000, "ebitdaratio": -0.03085800301053688, "incomeBeforeTaxRatio": 0.04716507777220271, "incomeTaxExpense": 91000000, "totalOtherIncomeExpensesNet": 6000000.0, "grossProfit": 850000000, "otherExpenses": 608000000, "incomeBeforeTax": 188000000, "operatingExpenses": 653000000, "generalAndAdministrativeExpenses": 45000000, "netIncome": 97000000, "symbol": "AMZN", "weightedAverageShsOut": 416000000, "period": "FY", "link": "https://www.sec.gov/Archives/edgar/data/1018724/000119312507034081/0001193125-07-034081-index.htm", "date": "2006-12-31", "netIncomeRatio": 0.024335173105870547, "grossProfitRatio": 0.21324636226793778, "interestExpense": -20000000, "eps": 0.46, "epsdiluted": 0.46, "depreciationAndAmortization": 59000000, "costOfRevenue": 3136000000, "operatingIncomeRatio": -0.04565980933266432, "operatingIncome": -182000000}, {"finalLink": "https://www.sec.gov/Archives/edgar/data/1018724/000119312506215188/d10q.htm", "sellingAndMarketingExpenses": 64000000, "revenue": 2307000000, "researchAndDevelopmentExpenses": 0.0, "acceptedDate": "2006-10-26 06:16:52", "fillingDate": "2006-10-26", "weightedAverageShsOutDil": 425000000, "costAndExpenses": 2267000000, "ebitda": 103000000, "ebitdaratio": 0.044646727351538795, "incomeBeforeTaxRatio": 0.016905071521456438, "incomeTaxExpense": 19000000, "totalOtherIncomeExpensesNet": 4000000.0, "grossProfit": 549000000, "otherExpenses": 454000000, "incomeBeforeTax": 39000000, "operatingExpenses": 509000000, "generalAndAdministrativeExpenses": 55000000, "netIncome": 20000000, "symbol": "AMZN", "weightedAverageShsOut": 417000000, "period": "Q3", "link": "https://www.sec.gov/Archives/edgar/data/1018724/000119312506215188/0001193125-06-215188-index.htm", "date": "2006-09-30", "netIncomeRatio": 0.008669267446900737, "grossProfitRatio": 0.23797139141742524, "interestExpense": -20000000, "eps": 0.22, "epsdiluted": 0.22, "depreciationAndAmortization": 63000000, "costOfRevenue": 1758000000, "operatingIncomeRatio": 0.017338534893801473, "operatingIncome": 40000000}, {"finalLink": "https://www.sec.gov/Archives/edgar/data/1018724/000119312506154437/d10q.htm", "sellingAndMarketingExpenses": 53000000, "revenue": 2139000000, "researchAndDevelopmentExpenses": 0.0, "acceptedDate": "2006-07-27 09:07:36", "fillingDate": "2006-07-27", "weightedAverageShsOutDil": 426000000, "costAndExpenses": 2093000000, "ebitda": 89000000, "ebitdaratio": 0.041608228143992516, "incomeBeforeTaxRatio": 0.025245441795231416, "incomeTaxExpense": 32000000, "totalOtherIncomeExpensesNet": 1000000.0, "grossProfit": 510000000, "otherExpenses": 414000000, "incomeBeforeTax": 54000000, "operatingExpenses": 464000000, "generalAndAdministrativeExpenses": 50000000, "netIncome": 22000000, "symbol": "AMZN", "weightedAverageShsOut": 417000000, "period": "Q2", "link": "https://www.sec.gov/Archives/edgar/data/1018724/000119312506154437/0001193125-06-154437-index.htm", "date": "2006-06-30", "netIncomeRatio": 0.010285179990649837, "grossProfitRatio": 0.23842917251051893, "interestExpense": -17000000, "eps": 0.18, "epsdiluted": 0.18, "depreciationAndAmortization": 43000000, "costOfRevenue": 1629000000, "operatingIncomeRatio": 0.021505376344086023, "operatingIncome": 46000000}, {"finalLink": "https://www.sec.gov/Archives/edgar/data/1018724/000119312506090088/d10q.htm", "sellingAndMarketingExpenses": 54000000, "revenue": 2279000000, "researchAndDevelopmentExpenses": 0.0, "acceptedDate": "2006-04-27 06:13:47", "fillingDate": "2006-04-27", "weightedAverageShsOutDil": 426000000, "costAndExpenses": 2173000000, "ebitda": 146000000, "ebitdaratio": 0.06406318560772269, "incomeBeforeTaxRatio": 0.04212373848179026, "incomeTaxExpense": 45000000, "totalOtherIncomeExpensesNet": -1000000.0, "grossProfit": 547000000, "otherExpenses": 396000000, "incomeBeforeTax": 96000000, "operatingExpenses": 441000000, "generalAndAdministrativeExpenses": 45000000, "netIncome": 51000000, "symbol": "AMZN", "weightedAverageShsOut": 417000000, "period": "Q1", "link": "https://www.sec.gov/Archives/edgar/data/1018724/000119312506090088/0001193125-06-090088-index.htm", "date": "2006-03-31", "netIncomeRatio": 0.022378236068451074, "grossProfitRatio": 0.24001755155770074, "interestExpense": -21000000, "eps": 0.12, "epsdiluted": 0.12, "depreciationAndAmortization": 40000000, "costOfRevenue": 1732000000, "operatingIncomeRatio": 0.046511627906976744, "operatingIncome": 106000000}, {"finalLink": "https://www.sec.gov/Archives/edgar/data/1018724/000119312506034166/d10k.htm", "sellingAndMarketingExpenses": 67000000, "revenue": 2977000000, "researchAndDevelopmentExpenses": 0.0, "acceptedDate": "2006-02-17 08:52:50", "fillingDate": "2006-02-17", "weightedAverageShsOutDil": 426000000, "costAndExpenses": 2812000000, "ebitda": 40000000, "ebitdaratio": 0.013436345314074572, "incomeBeforeTaxRatio": 0.054081289889150154, "incomeTaxExpense": -38000000, "totalOtherIncomeExpensesNet": 4000000.0, "grossProfit": 667000000, "otherExpenses": 453000000, "incomeBeforeTax": 161000000, "operatingExpenses": 502000000, "generalAndAdministrativeExpenses": 49000000, "netIncome": 199000000, "symbol": "AMZN", "weightedAverageShsOut": 412000000, "period": "FY", "link": "https://www.sec.gov/Archives/edgar/data/1018724/000119312506034166/0001193125-06-034166-index.htm", "date": "2005-12-31", "netIncomeRatio": 0.066845817937521, "grossProfitRatio": 0.22405105811219347, "interestExpense": -22000000, "eps": 0.81, "epsdiluted": 0.81, "depreciationAndAmortization": 36000000, "costOfRevenue": 2310000000, "operatingIncomeRatio": 0.0013436345314074571, "operatingIncome": 4000000.0}, {"finalLink": "https://www.sec.gov/Archives/edgar/data/1018724/000119312505209085/d10q.htm", "sellingAndMarketingExpenses": 44000000, "revenue": 1858000000, "researchAndDevelopmentExpenses": 0.0, "acceptedDate": "2005-10-26 20:33:28", "fillingDate": "2005-10-27", "weightedAverageShsOutDil": 426000000, "costAndExpenses": 1803000000, "ebitda": 70000000, "ebitdaratio": 0.03767491926803014, "incomeBeforeTaxRatio": 0.02744886975242196, "incomeTaxExpense": 21000000, "totalOtherIncomeExpensesNet": 40000000, "grossProfit": 463000000, "otherExpenses": 376000000, "incomeBeforeTax": 51000000, "operatingExpenses": 408000000, "generalAndAdministrativeExpenses": 32000000, "netIncome": 30000000, "symbol": "AMZN", "weightedAverageShsOut": 411000000, "period": "Q3", "link": "https://www.sec.gov/Archives/edgar/data/1018724/000119312505209085/0001193125-05-209085-index.htm", "date": "2005-09-30", "netIncomeRatio": 0.016146393972012917, "grossProfitRatio": 0.24919268030139935, "interestExpense": -22000000, "eps": 0.33, "epsdiluted": 0.33, "depreciationAndAmortization": 30000000, "costOfRevenue": 1395000000, "operatingIncomeRatio": 0.021528525296017224, "operatingIncome": 40000000}, {"finalLink": "https://www.sec.gov/Archives/edgar/data/1018724/000119312505150308/d10q.htm", "sellingAndMarketingExpenses": 42000000, "revenue": 1753000000, "researchAndDevelopmentExpenses": 0.0, "acceptedDate": "2005-07-27 20:07:17", "fillingDate": "2005-07-28", "weightedAverageShsOutDil": 425000000, "costAndExpenses": 1649000000, "ebitda": -78000000, "ebitdaratio": -0.04449515116942385, "incomeBeforeTaxRatio": 0.06160867084997148, "incomeTaxExpense": 56000000, "totalOtherIncomeExpensesNet": 0.0, "grossProfit": 451000000, "otherExpenses": 308000000, "incomeBeforeTax": 108000000, "operatingExpenses": 347000000, "generalAndAdministrativeExpenses": 39000000, "netIncome": 52000000, "symbol": "AMZN", "weightedAverageShsOut": 410000000, "period": "Q2", "link": "https://www.sec.gov/Archives/edgar/data/1018724/000119312505150308/0001193125-05-150308-index.htm", "date": "2005-06-30", "netIncomeRatio": 0.02966343411294923, "grossProfitRatio": 0.2572732458642327, "interestExpense": -22000000, "eps": 0.25, "epsdiluted": 0.25, "depreciationAndAmortization": 27000000, "costOfRevenue": 1302000000, "operatingIncomeRatio": -0.05989731888191671, "operatingIncome": -105000000}, {"finalLink": "https://www.sec.gov/Archives/edgar/data/1018724/000119312505087021/d10q.htm", "sellingAndMarketingExpenses": 45000000, "revenue": 1902000000, "researchAndDevelopmentExpenses": 0.0, "acceptedDate": "2005-04-27 17:47:48", "fillingDate": "2005-04-28", "weightedAverageShsOutDil": 423000000, "costAndExpenses": 1794000000, "ebitda": 136000000, "ebitdaratio": 0.07150368033648791, "incomeBeforeTaxRatio": 0.056782334384858045, "incomeTaxExpense": 56000000, "totalOtherIncomeExpensesNet": 3000000.0, "grossProfit": 458000000, "otherExpenses": 304000000, "incomeBeforeTax": 108000000, "operatingExpenses": 350000000, "generalAndAdministrativeExpenses": 46000000, "netIncome": 78000000, "symbol": "AMZN", "weightedAverageShsOut": 410000000, "period": "Q1", "link": "https://www.sec.gov/Archives/edgar/data/1018724/000119312505087021/0001193125-05-087021-index.htm", "date": "2005-03-31", "netIncomeRatio": 0.04100946372239748, "grossProfitRatio": 0.24079915878023134, "interestExpense": -26000000, "eps": 0.13, "epsdiluted": 0.13, "depreciationAndAmortization": 28000000, "costOfRevenue": 1444000000, "operatingIncomeRatio": 0.056782334384858045, "operatingIncome": 108000000}, {"finalLink": "https://www.sec.gov/Archives/edgar/data/1018724/000119312505047032/d10k.htm", "sellingAndMarketingExpenses": 58200000, "revenue": 2540959000, "researchAndDevelopmentExpenses": 0.0, "acceptedDate": "2005-03-11 06:20:27", "fillingDate": "2005-03-11", "weightedAverageShsOutDil": 424757000, "costAndExpenses": 2378517000, "ebitda": 16054000, "ebitdaratio": 0.006318086989990787, "incomeBeforeTaxRatio": 0.044907060680632785, "incomeTaxExpense": -232581000, "totalOtherIncomeExpensesNet": -4777000.0, "grossProfit": 544466000, "otherExpenses": 350327000, "incomeBeforeTax": 114107000, "operatingExpenses": 382024000, "generalAndAdministrativeExpenses": 31697000, "netIncome": 346688000, "symbol": "AMZN", "weightedAverageShsOut": 405926000, "period": "FY", "link": "https://www.sec.gov/Archives/edgar/data/1018724/000119312505047032/0001193125-05-047032-index.htm", "date": "2004-12-31", "netIncomeRatio": 0.1364398244914617, "grossProfitRatio": 0.21427579114814524, "interestExpense": -27134000, "eps": 1.45, "epsdiluted": 1.45, "depreciationAndAmortization": 20831000, "costOfRevenue": 1996493000, "operatingIncomeRatio": -0.0018799988508275813, "operatingIncome": -4777000.0}, {"finalLink": "https://www.sec.gov/Archives/edgar/data/1018724/000119312504176356/d10q.htm", "sellingAndMarketingExpenses": 34347000, "revenue": 1462475000, "researchAndDevelopmentExpenses": 0.0, "acceptedDate": "2004-10-22 16:21:24", "fillingDate": "2004-10-22", "weightedAverageShsOutDil": 423924000, "costAndExpenses": 1381201000, "ebitda": 23588000, "ebitdaratio": 0.016128822714918202, "incomeBeforeTaxRatio": 0.03702422263628438, "incomeTaxExpense": 0.0, "totalOtherIncomeExpensesNet": 4505000.0, "grossProfit": 355651000, "otherExpenses": 248470000, "incomeBeforeTax": 54147000, "operatingExpenses": 274377000, "generalAndAdministrativeExpenses": 25907000, "netIncome": 54147000, "symbol": "AMZN", "weightedAverageShsOut": 405153000, "period": "Q3", "link": "https://www.sec.gov/Archives/edgar/data/1018724/000119312504176356/0001193125-04-176356-index.htm", "date": "2004-09-30", "netIncomeRatio": 0.03702422263628438, "grossProfitRatio": 0.2431843279372297, "interestExpense": -26307000, "eps": 0.6, "epsdiluted": 0.6, "depreciationAndAmortization": 19083000, "costOfRevenue": 1106824000, "operatingIncomeRatio": 0.0030803945366587463, "operatingIncome": 4505000.0}, {"finalLink": "https://www.sec.gov/Archives/edgar/data/1018724/000119312504123102/d10q.htm", "sellingAndMarketingExpenses": 31839000, "revenue": 1387341000, "researchAndDevelopmentExpenses": 0.0, "acceptedDate": "2004-07-23 06:03:48", "fillingDate": "2004-07-23", "weightedAverageShsOutDil": 424592000, "costAndExpenses": 1301067000, "ebitda": 10979000, "ebitdaratio": 0.007913699659997074, "incomeBeforeTaxRatio": 0.05512703798128939, "incomeTaxExpense": 0.0, "totalOtherIncomeExpensesNet": -7150000.0, "grossProfit": 341046000, "otherExpenses": 227573000, "incomeBeforeTax": 76480000, "operatingExpenses": 254772000, "generalAndAdministrativeExpenses": 27199000, "netIncome": 76480000, "symbol": "AMZN", "weightedAverageShsOut": 404399000, "period": "Q2", "link": "https://www.sec.gov/Archives/edgar/data/1018724/000119312504123102/0001193125-04-123102-index.htm", "date": "2004-06-30", "netIncomeRatio": 0.05512703798128939, "grossProfitRatio": 0.24582708937456615, "interestExpense": -26055000, "eps": 0.46, "epsdiluted": 0.46, "depreciationAndAmortization": 18129000, "costOfRevenue": 1046295000, "operatingIncomeRatio": -0.005153743744328179, "operatingIncome": -7150000.0}, {"finalLink": "https://www.sec.gov/Archives/edgar/data/1018724/000119312504067751/d10q.htm", "sellingAndMarketingExpenses": 33636000, "revenue": 1530349000, "researchAndDevelopmentExpenses": 0.0, "acceptedDate": "2004-04-22 19:57:37", "fillingDate": "2004-04-23", "weightedAverageShsOutDil": 424519000, "costAndExpenses": 1419914000, "ebitda": 17139000, "ebitdaratio": 0.011199406148532133, "incomeBeforeTaxRatio": 0.07262134323608536, "incomeTaxExpense": 0.0, "totalOtherIncomeExpensesNet": -542000.0, "grossProfit": 360834000, "otherExpenses": 222982000, "incomeBeforeTax": 111136000, "operatingExpenses": 250399000, "generalAndAdministrativeExpenses": 27417000, "netIncome": 111136000, "symbol": "AMZN", "weightedAverageShsOut": 403542000, "period": "Q1", "link": "https://www.sec.gov/Archives/edgar/data/1018724/000119312504067751/0001193125-04-067751-index.htm", "date": "2004-03-31", "netIncomeRatio": 0.07262134323608536, "grossProfitRatio": 0.23578543195048973, "interestExpense": -27731000, "eps": 0.28, "epsdiluted": 0.28, "depreciationAndAmortization": 17681000, "costOfRevenue": 1169515000, "operatingIncomeRatio": -0.0003541675787679804, "operatingIncome": -542000.0}, {"finalLink": "https://www.sec.gov/Archives/edgar/data/1018724/000119312504029488/d10k.htm", "sellingAndMarketingExpenses": 40291000, "revenue": 1945772000, "researchAndDevelopmentExpenses": 0.0, "acceptedDate": "2004-02-25 17:25:47", "fillingDate": "2004-02-25", "weightedAverageShsOutDil": 378720000, "costAndExpenses": 1808156000, "ebitda": 156083000, "ebitdaratio": 0.08021648990734782, "incomeBeforeTaxRatio": 0.037596388477169985, "incomeTaxExpense": 0.0, "totalOtherIncomeExpensesNet": -3988000.0, "grossProfit": 426837000, "otherExpenses": 266237000, "incomeBeforeTax": 73154000, "operatingExpenses": 289221000, "generalAndAdministrativeExpenses": 22984000, "netIncome": 73154000, "symbol": "AMZN", "weightedAverageShsOut": 378720000, "period": "FY", "link": "https://www.sec.gov/Archives/edgar/data/1018724/000119312504029488/0001193125-04-029488-index.htm", "date": "2003-12-31", "netIncomeRatio": 0.037596388477169985, "grossProfitRatio": 0.21936640058547455, "interestExpense": -29299000, "eps": 0.0, "epsdiluted": 0.0, "depreciationAndAmortization": 18467000, "costOfRevenue": 1518935000, "operatingIncomeRatio": 0.07072565542108736, "operatingIncome": 137616000}, {"finalLink": "https://www.sec.gov/Archives/edgar/data/1018724/000089102003002504/v93801e10vq.htm", "sellingAndMarketingExpenses": 28943000, "revenue": 1134456000, "researchAndDevelopmentExpenses": 0.0, "acceptedDate": "2003-10-24 08:29:33", "fillingDate": "2003-10-24", "weightedAverageShsOutDil": 378720000, "costAndExpenses": 1082525000, "ebitda": 70269000, "ebitdaratio": 0.061940701093740086, "incomeBeforeTaxRatio": 0.013718469469067112, "incomeTaxExpense": 0.0, "totalOtherIncomeExpensesNet": 252000.0, "grossProfit": 285821000, "otherExpenses": 211497000, "incomeBeforeTax": 15563000, "operatingExpenses": 233890000, "generalAndAdministrativeExpenses": 22393000, "netIncome": 15563000, "symbol": "AMZN", "weightedAverageShsOut": 378720000, "period": "Q3", "link": "https://www.sec.gov/Archives/edgar/data/1018724/000089102003002504/0000891020-03-002504-index.htm", "date": "2003-09-30", "netIncomeRatio": 0.013718469469067112, "grossProfitRatio": 0.2519454258252414, "interestExpense": -29802000, "eps": -0.1, "epsdiluted": -0.1, "depreciationAndAmortization": 18338000, "costOfRevenue": 848635000, "operatingIncomeRatio": 0.04577612529705868, "operatingIncome": 51931000}, {"finalLink": "https://www.sec.gov/Archives/edgar/data/1018724/000089102003001925/v91549e10vq.htm", "sellingAndMarketingExpenses": 25326000, "revenue": 1099912000, "researchAndDevelopmentExpenses": 0.0, "acceptedDate": "2003-07-23 20:13:11", "fillingDate": "2003-07-24", "weightedAverageShsOutDil": 391223000, "costAndExpenses": 1058089000, "ebitda": 60826000, "ebitdaratio": 0.055300787699379586, "incomeBeforeTaxRatio": -0.039379513997483434, "incomeTaxExpense": 0.0, "totalOtherIncomeExpensesNet": 3685000.0, "grossProfit": 273928000, "otherExpenses": 210282000, "incomeBeforeTax": -43314000, "operatingExpenses": 232105000, "generalAndAdministrativeExpenses": 21823000, "netIncome": -43314000, "symbol": "AMZN", "weightedAverageShsOut": 391223000, "period": "Q2", "link": "https://www.sec.gov/Archives/edgar/data/1018724/000089102003001925/0000891020-03-001925-index.htm", "date": "2003-06-30", "netIncomeRatio": -0.039379513997483434, "grossProfitRatio": 0.2490453781757086, "interestExpense": -34367000, "eps": -0.14, "epsdiluted": -0.14, "depreciationAndAmortization": 19003000, "costOfRevenue": 825984000, "operatingIncomeRatio": 0.03802395100698965, "operatingIncome": 41823000}, {"finalLink": "https://www.sec.gov/Archives/edgar/data/1018724/000089102003001333/v89385e10vq.htm", "sellingAndMarketingExpenses": 28227000, "revenue": 1083559000, "researchAndDevelopmentExpenses": 0.0, "acceptedDate": "2003-04-25 17:16:59", "fillingDate": "2003-04-25", "weightedAverageShsOutDil": 388541000, "costAndExpenses": 1044334000, "ebitda": 58975000, "ebitdaratio": 0.0544271239498726, "incomeBeforeTaxRatio": -0.009340515837162536, "incomeTaxExpense": 0.0, "totalOtherIncomeExpensesNet": 2859000.0, "grossProfit": 270582000, "otherExpenses": 210255000, "incomeBeforeTax": -10121000, "operatingExpenses": 231357000, "generalAndAdministrativeExpenses": 21102000, "netIncome": -10121000, "symbol": "AMZN", "weightedAverageShsOut": 388541000, "period": "Q1", "link": "https://www.sec.gov/Archives/edgar/data/1018724/000089102003001333/0000891020-03-001333-index.htm", "date": "2003-03-31", "netIncomeRatio": -0.009340515837162536, "grossProfitRatio": 0.24971598224000724, "interestExpense": -36511000, "eps": -0.03, "epsdiluted": -0.03, "depreciationAndAmortization": 19750000, "costOfRevenue": 812977000, "operatingIncomeRatio": 0.03620015153766431, "operatingIncome": 39225000}, {"finalLink": "https://www.sec.gov/Archives/edgar/data/1018724/000095014903000355/v87419ore10vk.htm", "sellingAndMarketingExpenses": 37579000, "revenue": 1428610000, "researchAndDevelopmentExpenses": 0.0, "acceptedDate": "2003-02-19 08:03:25", "fillingDate": "2003-02-19", "weightedAverageShsOutDil": 378363000, "costAndExpenses": 1358087000, "ebitda": 90386000, "ebitdaratio": 0.06326849175072273, "incomeBeforeTaxRatio": 0.0018556498974527688, "incomeTaxExpense": 0.0, "totalOtherIncomeExpensesNet": 2747000.0, "grossProfit": 335159000, "otherExpenses": 244621000, "incomeBeforeTax": 2651000.0, "operatingExpenses": 264636000, "generalAndAdministrativeExpenses": 20015000, "netIncome": 2651000.0, "symbol": "AMZN", "weightedAverageShsOut": 378363000, "period": "FY", "link": "https://www.sec.gov/Archives/edgar/data/1018724/000095014903000355/0000950149-03-000355-index.htm", "date": "2002-12-31", "netIncomeRatio": 0.0018556498974527688, "grossProfitRatio": 0.234604965665927, "interestExpense": -36108000, "eps": -0.4, "epsdiluted": -0.4, "depreciationAndAmortization": 19863000, "costOfRevenue": 1093451000, "operatingIncomeRatio": 0.04936476715128692, "operatingIncome": 70523000}, {"finalLink": "https://www.sec.gov/Archives/edgar/data/1018724/000103221002001474/d10q.htm", "sellingAndMarketingExpenses": 26728000, "revenue": 851299000, "researchAndDevelopmentExpenses": 0.0, "acceptedDate": "2002-10-25 17:25:25", "fillingDate": "2002-10-25", "weightedAverageShsOutDil": 376564000, "costAndExpenses": 860944000, "ebitda": 10856000, "ebitdaratio": 0.012752276227271498, "incomeBeforeTaxRatio": -0.04120761330625315, "incomeTaxExpense": 0.0, "totalOtherIncomeExpensesNet": 3183000.0, "grossProfit": 216167000, "otherExpenses": 207114000, "incomeBeforeTax": -35080000, "operatingExpenses": 225812000, "generalAndAdministrativeExpenses": 18698000, "netIncome": -35080000, "symbol": "AMZN", "weightedAverageShsOut": 376564000, "period": "Q3", "link": "https://www.sec.gov/Archives/edgar/data/1018724/000103221002001474/0001032210-02-001474-index.htm", "date": "2002-09-30", "netIncomeRatio": -0.04120761330625315, "grossProfitRatio": 0.2539260588817795, "interestExpense": -35922000, "eps": -0.41, "epsdiluted": -0.41, "depreciationAndAmortization": 20501000, "costOfRevenue": 635132000, "operatingIncomeRatio": -0.01132974430840398, "operatingIncome": -9645000.0}, {"finalLink": "https://www.sec.gov/Archives/edgar/data/1018724/000103221002001115/d10q.htm", "sellingAndMarketingExpenses": 28832000, "revenue": 805605000, "researchAndDevelopmentExpenses": 0.0, "acceptedDate": "2002-07-25 21:45:11", "fillingDate": "2002-07-26", "weightedAverageShsOutDil": 374995000, "costAndExpenses": 804133000, "ebitda": 22442000, "ebitdaratio": 0.02785732461938543, "incomeBeforeTaxRatio": -0.11612763078679998, "incomeTaxExpense": 0.0, "totalOtherIncomeExpensesNet": -402000.0, "grossProfit": 218167000, "otherExpenses": 197270000, "incomeBeforeTax": -93553000, "operatingExpenses": 216695000, "generalAndAdministrativeExpenses": 19425000, "netIncome": -93553000, "symbol": "AMZN", "weightedAverageShsOut": 374995000, "period": "Q2", "link": "https://www.sec.gov/Archives/edgar/data/1018724/000103221002001115/0001032210-02-001115-index.htm", "date": "2002-06-30", "netIncomeRatio": -0.11612763078679998, "grossProfitRatio": 0.27081137778439807, "interestExpense": -35651000, "eps": -0.31, "epsdiluted": -0.31, "depreciationAndAmortization": 20970000, "costOfRevenue": 587438000, "operatingIncomeRatio": 0.0018271981926626572, "operatingIncome": 1472000.0}, {"finalLink": "https://www.sec.gov/Archives/edgar/data/1018724/000103221002000681/d10q.htm", "sellingAndMarketingExpenses": 32244000, "revenue": 847422000, "researchAndDevelopmentExpenses": 0.0, "acceptedDate": "2002-04-24 00:00:00", "fillingDate": "2002-04-24", "weightedAverageShsOutDil": 373031000, "costAndExpenses": 845648000, "ebitda": 22714000, "ebitdaratio": 0.026803646825312537, "incomeBeforeTaxRatio": -0.027318148454961045, "incomeTaxExpense": 0.0, "totalOtherIncomeExpensesNet": 95000.0, "grossProfit": 223125000, "otherExpenses": 200440000, "incomeBeforeTax": -23150000, "operatingExpenses": 221351000, "generalAndAdministrativeExpenses": 20911000, "netIncome": -23150000, "symbol": "AMZN", "weightedAverageShsOut": 373031000, "period": "Q1", "link": "https://www.sec.gov/Archives/edgar/data/1018724/000103221002000681/0001032210-02-000681-index.htm", "date": "2002-03-31", "netIncomeRatio": -0.027318148454961045, "grossProfitRatio": 0.2632985690718438, "interestExpense": -35244000, "eps": -0.06, "epsdiluted": -0.06, "depreciationAndAmortization": 20940000, "costOfRevenue": 624297000, "operatingIncomeRatio": 0.002093408006872609, "operatingIncome": 1774000.0}, {"finalLink": "https://www.sec.gov/Archives/edgar/data/1018724/000103221002000059/d10k405.htm", "sellingAndMarketingExpenses": 34450000, "revenue": 1115171000, "researchAndDevelopmentExpenses": 0.0, "acceptedDate": "2002-01-24 00:00:00", "fillingDate": "2002-01-24", "weightedAverageShsOutDil": 364211000, "costAndExpenses": 1100646000, "ebitda": 35572000, "ebitdaratio": 0.03189824699530386, "incomeBeforeTaxRatio": 0.004561632251914729, "incomeTaxExpense": 0.0, "totalOtherIncomeExpensesNet": 5365000.0, "grossProfit": 274049000, "otherExpenses": 239949000, "incomeBeforeTax": 5087000.0, "operatingExpenses": 259524000, "generalAndAdministrativeExpenses": 19575000, "netIncome": 5087000.0, "symbol": "AMZN", "weightedAverageShsOut": 364211000, "period": "FY", "link": "https://www.sec.gov/Archives/edgar/data/1018724/000103221002000059/0001032210-02-000059-index.htm", "date": "2001-12-31", "netIncomeRatio": 0.004561632251914729, "grossProfitRatio": 0.2457461680764654, "interestExpense": -35290000, "eps": -1.53, "epsdiluted": -1.53, "depreciationAndAmortization": 21047000, "costOfRevenue": 841122000, "operatingIncomeRatio": 0.01302490828760791, "operatingIncome": 14525000}, {"finalLink": "https://www.sec.gov/Archives/edgar/data/1018724/000103221001501248/d10q.htm", "sellingAndMarketingExpenses": 32537000, "revenue": 639281000, "researchAndDevelopmentExpenses": 0.0, "acceptedDate": "2001-10-30 00:00:00", "fillingDate": "2001-10-30", "weightedAverageShsOutDil": 361782000, "costAndExpenses": 709615000, "ebitda": -27466000, "ebitdaratio": -0.04296389224769702, "incomeBeforeTaxRatio": -0.26572665228592746, "incomeTaxExpense": 0.0, "totalOtherIncomeExpensesNet": -7265000.0, "grossProfit": 162192000, "otherExpenses": 211045000, "incomeBeforeTax": -169874000, "operatingExpenses": 232526000, "generalAndAdministrativeExpenses": 21481000, "netIncome": -169874000, "symbol": "AMZN", "weightedAverageShsOut": 361782000, "period": "Q3", "link": "https://www.sec.gov/Archives/edgar/data/1018724/000103221001501248/0001032210-01-501248-index.htm", "date": "2001-09-30", "netIncomeRatio": -0.26572665228592746, "grossProfitRatio": 0.25371002735886095, "interestExpense": -35046000, "eps": -0.0015820687596397832, "epsdiluted": -0.0015820687596397832, "depreciationAndAmortization": 42868000, "costOfRevenue": 477089000, "operatingIncomeRatio": -0.11002047612865078, "operatingIncome": -70334000}, {"finalLink": "https://www.sec.gov/Archives/edgar/data/1018724/000103221001500866/d10q.htm", "sellingAndMarketingExpenses": 34658000, "revenue": 667625000, "researchAndDevelopmentExpenses": 0.0, "acceptedDate": "2001-07-23 00:00:00", "fillingDate": "2001-07-23", "weightedAverageShsOutDil": 358595000, "costAndExpenses": 807465000, "ebitda": -142119000, "ebitdaratio": -0.21287249578730574, "incomeBeforeTaxRatio": -0.2521759970043063, "incomeTaxExpense": 0.0, "totalOtherIncomeExpensesNet": -6175000.0, "grossProfit": 179720000, "otherExpenses": 296782000, "incomeBeforeTax": -168359000, "operatingExpenses": 319560000, "generalAndAdministrativeExpenses": 22778000, "netIncome": -168359000, "symbol": "AMZN", "weightedAverageShsOut": 358595000, "period": "Q2", "link": "https://www.sec.gov/Archives/edgar/data/1018724/000103221001500866/0001032210-01-500866-index.htm", "date": "2001-06-30", "netIncomeRatio": -0.2521759970043063, "grossProfitRatio": 0.26919303501217, "interestExpense": -35148000, "eps": -0.001122408287901393, "epsdiluted": -0.001122408287901393, "depreciationAndAmortization": -2279000.0, "costOfRevenue": 487905000, "operatingIncomeRatio": -0.20945890282718593, "operatingIncome": -139840000}]