[{"finalLink": "https://www.sec.gov/Archives/edgar/data/72333/000007233320000078/jwn-212020x10k.htm", "sellingAndMarketingExpenses": 0.0, "revenue": 2119000000, "researchAndDevelopmentExpenses": 0.0, "acceptedDate": "2020-06-10 16:57:27", "fillingDate": "2020-06-10", "weightedAverageShsOutDil": 156400000, "costAndExpenses": 1122000000, "ebitda": -343000000, "ebitdaratio": -0.161868806041, "incomeBeforeTaxRatio": -0.38367154318074564, "incomeTaxExpense": -326000000, "totalOtherIncomeExpensesNet": 0.0, "grossProfit": 309000000, "otherExpenses": 0.0, "incomeBeforeTax": -847000000, "operatingExpenses": 1122000000, "generalAndAdministrativeExpenses": 1122000000, "netIncome": -521000000, "symbol": "JWN", "weightedAverageShsOut": 156400000, "period": "Q1", "link": "https://www.sec.gov/Archives/edgar/data/72333/000007233320000142/0000072333-20-000142-index.htm", "date": "2020-05-02", "netIncomeRatio": -0.245870693723, "grossProfitRatio": 0.1458235016517225, "interestExpense": 34000000, "eps": -3.33, "epsdiluted": -3.33, "depreciationAndAmortization": 178000000, "costOfRevenue": 1810000000, "operatingIncomeRatio": -0.245870693723, "operatingIncome": -521000000}, {"finalLink": "https://www.sec.gov/Archives/edgar/data/72333/000007233320000078/jwn-212020x10k.htm", "sellingAndMarketingExpenses": 0.0, "revenue": 4537000000, "researchAndDevelopmentExpenses": 0.0, "acceptedDate": "2020-03-20 17:06:45", "fillingDate": "2020-03-20", "weightedAverageShsOutDil": 156100000, "costAndExpenses": 11679000000, "ebitda": 1042000000, "ebitdaratio": 0.229667180957, "incomeBeforeTaxRatio": 0.0517963411946, "incomeTaxExpense": 71000000, "totalOtherIncomeExpensesNet": 0.0, "grossProfit": -5787000000, "otherExpenses": 0.0, "incomeBeforeTax": 235000000, "operatingExpenses": 1355000000, "generalAndAdministrativeExpenses": 1355000000, "netIncome": 192000000, "symbol": "JWN", "weightedAverageShsOut": 155200000, "period": "FY", "link": "https://www.sec.gov/Archives/edgar/data/72333/000007233320000078/0000072333-20-000078-index.htm", "date": "2020-02-01", "netIncomeRatio": 0.0423187128058, "grossProfitRatio": -1.275512453162883, "interestExpense": 36000000, "eps": 1.24, "epsdiluted": 1.23, "depreciationAndAmortization": 850000000, "costOfRevenue": 10324000000, "operatingIncomeRatio": 0.0423187128058, "operatingIncome": 192000000}, {"finalLink": "https://www.sec.gov/Archives/edgar/data/72333/000007233319000230/jwn-q32019x10q.htm", "sellingAndMarketingExpenses": 0.0, "revenue": 3672000000, "researchAndDevelopmentExpenses": 0.0, "acceptedDate": "2019-12-04 16:50:54", "fillingDate": "2019-12-04", "weightedAverageShsOutDil": 155900000, "costAndExpenses": 1134000000, "ebitda": 284000000, "ebitdaratio": 0.0773420479303, "incomeBeforeTaxRatio": 0.0471132897603, "incomeTaxExpense": 46000000, "totalOtherIncomeExpensesNet": 0.0, "grossProfit": 1327000000, "otherExpenses": 0.0, "incomeBeforeTax": 173000000, "operatingExpenses": 1134000000, "generalAndAdministrativeExpenses": 1134000000, "netIncome": 127000000, "symbol": "JWN", "weightedAverageShsOut": 155100000, "period": "Q3", "link": "https://www.sec.gov/Archives/edgar/data/72333/000007233319000230/0000072333-19-000230-index.htm", "date": "2019-11-02", "netIncomeRatio": 0.0345860566449, "grossProfitRatio": 0.3613834422657952, "interestExpense": 20000000, "eps": 0.82, "epsdiluted": 0.81, "depreciationAndAmortization": 157000000, "costOfRevenue": 2345000000, "operatingIncomeRatio": 0.0345860566449, "operatingIncome": 127000000}, {"finalLink": "https://www.sec.gov/Archives/edgar/data/72333/000007233319000201/jwn-q22019x10q.htm", "sellingAndMarketingExpenses": 0.0, "revenue": 3872000000, "researchAndDevelopmentExpenses": 0.0, "acceptedDate": "2019-09-04 16:55:33", "fillingDate": "2019-09-04", "weightedAverageShsOutDil": 155900000, "costAndExpenses": 1181000000, "ebitda": 281000000, "ebitdaratio": 0.0725723140496, "incomeBeforeTaxRatio": 0.0498450413223, "incomeTaxExpense": 53000000, "totalOtherIncomeExpensesNet": 0.0, "grossProfit": 1396000000, "otherExpenses": 0.0, "incomeBeforeTax": 193000000, "operatingExpenses": 1181000000, "generalAndAdministrativeExpenses": 1181000000, "netIncome": 140000000, "symbol": "JWN", "weightedAverageShsOut": 155000000, "period": "Q2", "link": "https://www.sec.gov/Archives/edgar/data/72333/000007233319000201/0000072333-19-000201-index.htm", "date": "2019-08-03", "netIncomeRatio": 0.0361570247934, "grossProfitRatio": 0.3605371900826446, "interestExpense": 22000000, "eps": 0.9, "epsdiluted": 0.91, "depreciationAndAmortization": 141000000, "costOfRevenue": 2476000000, "operatingIncomeRatio": 0.0361570247934, "operatingIncome": 140000000}, {"finalLink": "https://www.sec.gov/Archives/edgar/data/72333/000007233319000060/jwn-222019x10k.htm", "sellingAndMarketingExpenses": 0.0, "revenue": 3443000000, "researchAndDevelopmentExpenses": 0.0, "acceptedDate": "2019-06-05 16:48:36", "fillingDate": "2019-06-05", "weightedAverageShsOutDil": 156200000, "costAndExpenses": 1138000000, "ebitda": 221000000, "ebitdaratio": 0.0641882079582, "incomeBeforeTaxRatio": 0.022364217252396165, "incomeTaxExpense": 16000000, "totalOtherIncomeExpensesNet": 0.0, "grossProfit": 1215000000, "otherExpenses": 0.0, "incomeBeforeTax": 53000000, "operatingExpenses": 1138000000, "generalAndAdministrativeExpenses": 1138000000, "netIncome": 37000000, "symbol": "JWN", "weightedAverageShsOut": 155000000, "period": "Q1", "link": "https://www.sec.gov/Archives/edgar/data/72333/000007233319000152/0000072333-19-000152-index.htm", "date": "2019-05-04", "netIncomeRatio": 0.0107464420563, "grossProfitRatio": 0.3528899215800174, "interestExpense": 24000000, "eps": 0.24, "epsdiluted": 0.23, "depreciationAndAmortization": 184000000, "costOfRevenue": 2228000000, "operatingIncomeRatio": 0.0107464420563, "operatingIncome": 37000000}, {"finalLink": "https://www.sec.gov/Archives/edgar/data/72333/000007233319000060/jwn-222019x10k.htm", "sellingAndMarketingExpenses": 0.0, "revenue": 4483000000, "researchAndDevelopmentExpenses": 0.0, "acceptedDate": "2019-03-18 17:14:42", "fillingDate": "2019-03-18", "weightedAverageShsOutDil": 170000000, "costAndExpenses": 11841000000, "ebitda": 393000000, "ebitdaratio": 0.0876645103725, "incomeBeforeTaxRatio": 0.0823109524872, "incomeTaxExpense": 62000000, "totalOtherIncomeExpensesNet": 0.0, "grossProfit": -6052000000, "otherExpenses": 0.0, "incomeBeforeTax": 369000000, "operatingExpenses": 1306000000, "generalAndAdministrativeExpenses": 1306000000, "netIncome": 248000000, "symbol": "JWN", "weightedAverageShsOut": 167300000, "period": "FY", "link": "https://www.sec.gov/Archives/edgar/data/72333/000007233319000060/0000072333-19-000060-index.htm", "date": "2019-02-02", "netIncomeRatio": 0.0553200981486, "grossProfitRatio": -1.3499888467544054, "interestExpense": 23000000, "eps": 1.49, "epsdiluted": 1.47, "depreciationAndAmortization": 145000000, "costOfRevenue": 10535000000, "operatingIncomeRatio": 0.0553200981486, "operatingIncome": 248000000}, {"finalLink": "https://www.sec.gov/Archives/edgar/data/72333/000007233318000181/jwn-q32018x10q.htm", "sellingAndMarketingExpenses": 0.0, "revenue": 3748000000, "researchAndDevelopmentExpenses": 0.0, "acceptedDate": "2018-12-10 16:30:30", "fillingDate": "2018-12-10", "weightedAverageShsOutDil": 171000000, "costAndExpenses": 1209000000, "ebitda": 212000000, "ebitdaratio": 0.0565635005336, "incomeBeforeTaxRatio": 0.0213447171825, "incomeTaxExpense": 13000000, "totalOtherIncomeExpensesNet": 0.0, "grossProfit": 1314000000, "otherExpenses": 0.0, "incomeBeforeTax": 80000000, "operatingExpenses": 1209000000, "generalAndAdministrativeExpenses": 1209000000, "netIncome": 67000000, "symbol": "JWN", "weightedAverageShsOut": 168100000, "period": "Q3", "link": "https://www.sec.gov/Archives/edgar/data/72333/000007233318000181/0000072333-18-000181-index.htm", "date": "2018-11-03", "netIncomeRatio": 0.0178762006403, "grossProfitRatio": 0.3505869797225187, "interestExpense": 25000000, "eps": 0.4, "epsdiluted": 0.39, "depreciationAndAmortization": 145000000, "costOfRevenue": 2434000000, "operatingIncomeRatio": 0.0178762006403, "operatingIncome": 67000000}, {"finalLink": "https://www.sec.gov/Archives/edgar/data/72333/000007233318000132/jwn-q22018x10q.htm", "sellingAndMarketingExpenses": 0.0, "revenue": 4068000000, "researchAndDevelopmentExpenses": 0.0, "acceptedDate": "2018-09-05 16:33:51", "fillingDate": "2018-09-05", "weightedAverageShsOutDil": 170300000, "costAndExpenses": 1233000000, "ebitda": 315000000, "ebitdaratio": 0.0774336283186, "incomeBeforeTaxRatio": 0.0535889872173, "incomeTaxExpense": 56000000, "totalOtherIncomeExpensesNet": 0.0, "grossProfit": 1479000000, "otherExpenses": 0.0, "incomeBeforeTax": 218000000, "operatingExpenses": 1233000000, "generalAndAdministrativeExpenses": 1233000000, "netIncome": 162000000, "symbol": "JWN", "weightedAverageShsOut": 167800000, "period": "Q2", "link": "https://www.sec.gov/Archives/edgar/data/72333/000007233318000132/0000072333-18-000132-index.htm", "date": "2018-08-04", "netIncomeRatio": 0.0398230088496, "grossProfitRatio": 0.3635693215339233, "interestExpense": 28000000, "eps": 0.96, "epsdiluted": 0.95, "depreciationAndAmortization": 153000000, "costOfRevenue": 2589000000, "operatingIncomeRatio": 0.0398230088496, "operatingIncome": 162000000}, {"finalLink": "https://www.sec.gov/Archives/edgar/data/72333/000007233318000049/jwn-232018x10k.htm", "sellingAndMarketingExpenses": 0.0, "revenue": 3561000000, "researchAndDevelopmentExpenses": 0.0, "acceptedDate": "2018-06-07 16:37:38", "fillingDate": "2018-06-07", "weightedAverageShsOutDil": 170200000, "costAndExpenses": 1120000000, "ebitda": 238000000, "ebitdaratio": 0.0668351586633, "incomeBeforeTaxRatio": 0.04296545914069082, "incomeTaxExpense": 38000000, "totalOtherIncomeExpensesNet": 0.0, "grossProfit": 1273000000, "otherExpenses": 0.0, "incomeBeforeTax": 125000000, "operatingExpenses": 1120000000, "generalAndAdministrativeExpenses": 1120000000, "netIncome": 87000000, "symbol": "JWN", "weightedAverageShsOut": 167800000, "period": "Q1", "link": "https://www.sec.gov/Archives/edgar/data/72333/000007233318000096/0000072333-18-000096-index.htm", "date": "2018-05-05", "netIncomeRatio": 0.0244313395114, "grossProfitRatio": 0.35748385285032297, "interestExpense": 28000000, "eps": 0.52, "epsdiluted": 0.51, "depreciationAndAmortization": 151000000, "costOfRevenue": 2288000000, "operatingIncomeRatio": 0.0244313395114, "operatingIncome": 87000000}, {"finalLink": "https://www.sec.gov/Archives/edgar/data/72333/000007233318000049/jwn-232018x10k.htm", "sellingAndMarketingExpenses": 0.0, "revenue": 4702000000, "researchAndDevelopmentExpenses": 0.0, "acceptedDate": "2018-03-19 16:43:52", "fillingDate": "2018-03-19", "weightedAverageShsOutDil": 168900000, "costAndExpenses": 11613000000, "ebitda": 318000000, "ebitdaratio": 0.0676307954062, "incomeBeforeTaxRatio": 0.0706082518077, "incomeTaxExpense": 168000000, "totalOtherIncomeExpensesNet": 0.0, "grossProfit": -5529000000, "otherExpenses": 0.0, "incomeBeforeTax": 332000000, "operatingExpenses": 1382000000, "generalAndAdministrativeExpenses": 1382000000, "netIncome": 151000000, "symbol": "JWN", "weightedAverageShsOut": 166800000, "period": "FY", "link": "https://www.sec.gov/Archives/edgar/data/72333/000007233318000049/0000072333-18-000049-index.htm", "date": "2018-02-03", "netIncomeRatio": 0.0321139940451, "grossProfitRatio": -1.1758826031475968, "interestExpense": 32000000, "eps": 0.9, "epsdiluted": 0.89, "depreciationAndAmortization": 167000000, "costOfRevenue": 10231000000, "operatingIncomeRatio": 0.0321139940451, "operatingIncome": 151000000}, {"finalLink": "https://www.sec.gov/Archives/edgar/data/72333/000007233317000197/jwn-q32017x10q.htm", "sellingAndMarketingExpenses": 0.0, "revenue": 3628000000, "researchAndDevelopmentExpenses": 0.0, "acceptedDate": "2017-11-28 16:33:36", "fillingDate": "2017-11-28", "weightedAverageShsOutDil": 168800000, "costAndExpenses": 1107000000, "ebitda": 258000000, "ebitdaratio": 0.0711135611907, "incomeBeforeTaxRatio": 0.0493384785006, "incomeTaxExpense": 66000000, "totalOtherIncomeExpensesNet": 0.0, "grossProfit": 1314000000, "otherExpenses": 0.0, "incomeBeforeTax": 179000000, "operatingExpenses": 1107000000, "generalAndAdministrativeExpenses": 1107000000, "netIncome": 113000000, "symbol": "JWN", "weightedAverageShsOut": 166700000, "period": "Q3", "link": "https://www.sec.gov/Archives/edgar/data/72333/000007233317000197/0000072333-17-000197-index.htm", "date": "2017-10-28", "netIncomeRatio": 0.0311466372657, "grossProfitRatio": 0.36218302094818083, "interestExpense": 28000000, "eps": 0.68, "epsdiluted": 0.68, "depreciationAndAmortization": 145000000, "costOfRevenue": 2314000000, "operatingIncomeRatio": 0.0311466372657, "operatingIncome": 113000000}, {"finalLink": "https://www.sec.gov/Archives/edgar/data/72333/000007233317000165/jwn-q22017x10q.htm", "sellingAndMarketingExpenses": 0.0, "revenue": 3794000000, "researchAndDevelopmentExpenses": 0.0, "acceptedDate": "2017-08-29 16:44:35", "fillingDate": "2017-08-29", "weightedAverageShsOutDil": 168800000, "costAndExpenses": 1125000000, "ebitda": 247000000, "ebitdaratio": 0.0651027938851, "incomeBeforeTaxRatio": 0.049815498155, "incomeTaxExpense": 79000000, "totalOtherIncomeExpensesNet": 0.0, "grossProfit": 1342000000, "otherExpenses": 0.0, "incomeBeforeTax": 189000000, "operatingExpenses": 1125000000, "generalAndAdministrativeExpenses": 1125000000, "netIncome": 110000000, "symbol": "JWN", "weightedAverageShsOut": 166800000, "period": "Q2", "link": "https://www.sec.gov/Archives/edgar/data/72333/000007233317000165/0000072333-17-000165-index.htm", "date": "2017-07-29", "netIncomeRatio": 0.0289931470743, "grossProfitRatio": 0.3537163943068002, "interestExpense": 28000000, "eps": 0.66, "epsdiluted": 0.65, "depreciationAndAmortization": 137000000, "costOfRevenue": 2452000000, "operatingIncomeRatio": 0.0289931470743, "operatingIncome": 110000000}, {"finalLink": "https://www.sec.gov/Archives/edgar/data/72333/000007233317000071/jwn-1282017x10k.htm", "sellingAndMarketingExpenses": 0.0, "revenue": 3354000000, "researchAndDevelopmentExpenses": 0.0, "acceptedDate": "2017-05-31 16:36:24", "fillingDate": "2017-05-31", "weightedAverageShsOutDil": 169100000, "costAndExpenses": 1048000000, "ebitda": 198000000, "ebitdaratio": 0.0590339892665, "incomeBeforeTaxRatio": 0.04502087060226595, "incomeTaxExpense": 40000000, "totalOtherIncomeExpensesNet": 0.0, "grossProfit": 1199000000, "otherExpenses": 0.0, "incomeBeforeTax": 103000000, "operatingExpenses": 1048000000, "generalAndAdministrativeExpenses": 1048000000, "netIncome": 63000000, "symbol": "JWN", "weightedAverageShsOut": 167300000, "period": "Q1", "link": "https://www.sec.gov/Archives/edgar/data/72333/000007233317000117/0000072333-17-000117-index.htm", "date": "2017-04-29", "netIncomeRatio": 0.0187835420394, "grossProfitRatio": 0.35748360166964815, "interestExpense": 48000000, "eps": 0.38, "epsdiluted": 0.37, "depreciationAndAmortization": 135000000, "costOfRevenue": 2155000000, "operatingIncomeRatio": 0.0187835420394, "operatingIncome": 63000000}, {"finalLink": "https://www.sec.gov/Archives/edgar/data/72333/000007233317000071/jwn-1282017x10k.htm", "sellingAndMarketingExpenses": 0.0, "revenue": 4316000000, "researchAndDevelopmentExpenses": 0.0, "acceptedDate": "2017-03-20 16:35:45", "fillingDate": "2017-03-20", "weightedAverageShsOutDil": 175600000, "costAndExpenses": 10871000000, "ebitda": 348000000, "ebitdaratio": 0.0806302131603, "incomeBeforeTaxRatio": 0.0917516218721, "incomeTaxExpense": 192000000, "totalOtherIncomeExpensesNet": 0.0, "grossProfit": -5383000000, "otherExpenses": 0.0, "incomeBeforeTax": 396000000, "operatingExpenses": 1172000000, "generalAndAdministrativeExpenses": 1172000000, "netIncome": 201000000, "symbol": "JWN", "weightedAverageShsOut": 173200000, "period": "FY", "link": "https://www.sec.gov/Archives/edgar/data/72333/000007233317000071/0000072333-17-000071-index.htm", "date": "2017-01-28", "netIncomeRatio": 0.0465708989805, "grossProfitRatio": -1.2472196478220574, "interestExpense": 31000000, "eps": 1.17, "epsdiluted": 1.15, "depreciationAndAmortization": 147000000, "costOfRevenue": 9699000000, "operatingIncomeRatio": 0.0465708989805, "operatingIncome": 201000000}, {"finalLink": "https://www.sec.gov/Archives/edgar/data/72333/000007233316000400/jwn-q32016x10q.htm", "sellingAndMarketingExpenses": 0.0, "revenue": 3541000000, "researchAndDevelopmentExpenses": 0.0, "acceptedDate": "2016-11-29 16:47:45", "fillingDate": "2016-11-29", "weightedAverageShsOutDil": 175600000, "costAndExpenses": 1029000000, "ebitda": 128000000, "ebitdaratio": 0.0361479807964, "incomeBeforeTaxRatio": 0.00706015249929, "incomeTaxExpense": 35000000, "totalOtherIncomeExpensesNet": 0.0, "grossProfit": 1280000000, "otherExpenses": 0.0, "incomeBeforeTax": 25000000, "operatingExpenses": 1029000000, "generalAndAdministrativeExpenses": 1029000000, "netIncome": 89000000, "symbol": "JWN", "weightedAverageShsOut": 173300000, "period": "Q3", "link": "https://www.sec.gov/Archives/edgar/data/72333/000007233316000400/0000072333-16-000400-index.htm", "date": "2016-10-29", "netIncomeRatio": 0.025134142897486587, "grossProfitRatio": 0.36147980796385204, "interestExpense": 29000000, "eps": -0.06, "epsdiluted": -0.06, "depreciationAndAmortization": 138000000, "costOfRevenue": 2261000000, "operatingIncomeRatio": 0.015249929398475007, "operatingIncome": 54000000}, {"finalLink": "https://www.sec.gov/Archives/edgar/data/72333/000007233316000371/jwn-q22016x10q.htm", "sellingAndMarketingExpenses": 0.0, "revenue": 3651000000, "researchAndDevelopmentExpenses": 0.0, "acceptedDate": "2016-08-30 16:40:19", "fillingDate": "2016-08-30", "weightedAverageShsOutDil": 175200000, "costAndExpenses": 1071000000, "ebitda": 264000000, "ebitdaratio": 0.0723089564503, "incomeBeforeTaxRatio": 0.0523144344015, "incomeTaxExpense": 74000000, "totalOtherIncomeExpensesNet": 0.0, "grossProfit": 1292000000, "otherExpenses": 0.0, "incomeBeforeTax": 191000000, "operatingExpenses": 1071000000, "generalAndAdministrativeExpenses": 1071000000, "netIncome": 117000000, "symbol": "JWN", "weightedAverageShsOut": 173300000, "period": "Q2", "link": "https://www.sec.gov/Archives/edgar/data/72333/000007233316000371/0000072333-16-000371-index.htm", "date": "2016-07-30", "netIncomeRatio": 0.0320460147905, "grossProfitRatio": 0.3538756505067105, "interestExpense": 30000000, "eps": 0.67, "epsdiluted": 0.67, "depreciationAndAmortization": 147000000, "costOfRevenue": 2359000000, "operatingIncomeRatio": 0.0320460147905, "operatingIncome": 117000000}, {"finalLink": "https://www.sec.gov/Archives/edgar/data/72333/000007233316000260/jwn-1302016x10k.htm", "sellingAndMarketingExpenses": 0.0, "revenue": 3249000000, "researchAndDevelopmentExpenses": 0.0, "acceptedDate": "2016-06-01 16:38:02", "fillingDate": "2016-06-01", "weightedAverageShsOutDil": 175700000, "costAndExpenses": 1043000000, "ebitda": 184000000, "ebitdaratio": 0.0566328100954, "incomeBeforeTaxRatio": 0.03262542320714066, "incomeTaxExpense": 29000000, "totalOtherIncomeExpensesNet": 0.0, "grossProfit": 1149000000, "otherExpenses": 0.0, "incomeBeforeTax": 75000000, "operatingExpenses": 1043000000, "generalAndAdministrativeExpenses": 1043000000, "netIncome": 46000000, "symbol": "JWN", "weightedAverageShsOut": 173100000, "period": "Q1", "link": "https://www.sec.gov/Archives/edgar/data/72333/000007233316000304/0000072333-16-000304-index.htm", "date": "2016-04-30", "netIncomeRatio": 0.0141582025239, "grossProfitRatio": 0.3536472760849492, "interestExpense": 31000000, "eps": 0.27, "epsdiluted": 0.26, "depreciationAndAmortization": 138000000, "costOfRevenue": 2100000000, "operatingIncomeRatio": 0.0141582025239, "operatingIncome": 46000000}, {"finalLink": "https://www.sec.gov/Archives/edgar/data/72333/000007233316000260/jwn-1302016x10k.htm", "sellingAndMarketingExpenses": 0.0, "revenue": 4193000000, "researchAndDevelopmentExpenses": 0.0, "acceptedDate": "2016-03-14 16:54:15", "fillingDate": "2016-03-14", "weightedAverageShsOutDil": 190100000, "costAndExpenses": 10660000000, "ebitda": 314000000, "ebitdaratio": 0.0748867159552, "incomeBeforeTaxRatio": 0.0746482232292, "incomeTaxExpense": 113000000, "totalOtherIncomeExpensesNet": 0.0, "grossProfit": -5317000000, "otherExpenses": 0.0, "incomeBeforeTax": 313000000, "operatingExpenses": 1150000000, "generalAndAdministrativeExpenses": 1150000000, "netIncome": 180000000, "symbol": "JWN", "weightedAverageShsOut": 186300000, "period": "FY", "link": "https://www.sec.gov/Archives/edgar/data/72333/000007233316000260/0000072333-16-000260-index.htm", "date": "2016-01-30", "netIncomeRatio": 0.0429286906749, "grossProfitRatio": -1.2680658239923683, "interestExpense": 31000000, "eps": 1.0, "epsdiluted": 0.98, "depreciationAndAmortization": 134000000, "costOfRevenue": 9510000000, "operatingIncomeRatio": 0.0429286906749, "operatingIncome": 180000000}, {"finalLink": "https://www.sec.gov/Archives/edgar/data/72333/000007233315000182/jwn-q32015x10q.htm", "sellingAndMarketingExpenses": 0.0, "revenue": 3328000000, "researchAndDevelopmentExpenses": 0.0, "acceptedDate": "2015-12-01 16:44:45", "fillingDate": "2015-12-01", "weightedAverageShsOutDil": 193200000, "costAndExpenses": 999000000, "ebitda": 208000000, "ebitdaratio": 0.0625, "incomeBeforeTaxRatio": 0.0378605769231, "incomeTaxExpense": 45000000, "totalOtherIncomeExpensesNet": 0.0, "grossProfit": 1186000000, "otherExpenses": 0.0, "incomeBeforeTax": 126000000, "operatingExpenses": 999000000, "generalAndAdministrativeExpenses": 999000000, "netIncome": 81000000, "symbol": "JWN", "weightedAverageShsOut": 189100000, "period": "Q3", "link": "https://www.sec.gov/Archives/edgar/data/72333/000007233315000182/0000072333-15-000182-index.htm", "date": "2015-10-31", "netIncomeRatio": 0.0243389423077, "grossProfitRatio": 0.3563701923076923, "interestExpense": 29000000, "eps": 0.44, "epsdiluted": 0.43, "depreciationAndAmortization": 127000000, "costOfRevenue": 2142000000, "operatingIncomeRatio": 0.0243389423077, "operatingIncome": 81000000}, {"finalLink": "https://www.sec.gov/Archives/edgar/data/72333/000007233315000131/jwn-q22015x10q.htm", "sellingAndMarketingExpenses": 0.0, "revenue": 3701000000, "researchAndDevelopmentExpenses": 0.0, "acceptedDate": "2015-09-01 16:40:15", "fillingDate": "2015-09-01", "weightedAverageShsOutDil": 194200000, "costAndExpenses": 1048000000, "ebitda": 332000000, "ebitdaratio": 0.0897054850041, "incomeBeforeTaxRatio": 0.0932180491759, "incomeTaxExpense": 134000000, "totalOtherIncomeExpensesNet": 0.0, "grossProfit": 1374000000, "otherExpenses": 0.0, "incomeBeforeTax": 345000000, "operatingExpenses": 1048000000, "generalAndAdministrativeExpenses": 1048000000, "netIncome": 211000000, "symbol": "JWN", "weightedAverageShsOut": 190000000, "period": "Q2", "link": "https://www.sec.gov/Archives/edgar/data/72333/000007233315000131/0000072333-15-000131-index.htm", "date": "2015-08-01", "netIncomeRatio": 0.0570116184815, "grossProfitRatio": 0.371251013239665, "interestExpense": 32000000, "eps": 1.11, "epsdiluted": 1.08, "depreciationAndAmortization": 121000000, "costOfRevenue": 2327000000, "operatingIncomeRatio": 0.0570116184815, "operatingIncome": 211000000}, {"finalLink": "https://www.sec.gov/Archives/edgar/data/72333/000007233315000041/jwn-1312015x10k.htm", "sellingAndMarketingExpenses": 0.0, "revenue": 3215000000, "researchAndDevelopmentExpenses": 0.0, "acceptedDate": "2015-06-02 16:48:33", "fillingDate": "2015-06-02", "weightedAverageShsOutDil": 194900000, "costAndExpenses": 971000000, "ebitda": 243000000, "ebitdaratio": 0.0755832037325, "incomeBeforeTaxRatio": 0.07620528771384137, "incomeTaxExpense": 84000000, "totalOtherIncomeExpensesNet": 0.0, "grossProfit": 1216000000, "otherExpenses": 0.0, "incomeBeforeTax": 212000000, "operatingExpenses": 971000000, "generalAndAdministrativeExpenses": 971000000, "netIncome": 128000000, "symbol": "JWN", "weightedAverageShsOut": 190600000, "period": "Q1", "link": "https://www.sec.gov/Archives/edgar/data/72333/000007233315000097/0000072333-15-000097-index.htm", "date": "2015-05-02", "netIncomeRatio": 0.0398133748056, "grossProfitRatio": 0.3782270606531882, "interestExpense": 33000000, "eps": 0.67, "epsdiluted": 0.66, "depreciationAndAmortization": 115000000, "costOfRevenue": 1999000000, "operatingIncomeRatio": 0.0398133748056, "operatingIncome": 128000000}, {"finalLink": "https://www.sec.gov/Archives/edgar/data/72333/000007233315000041/jwn-1312015x10k.htm", "sellingAndMarketingExpenses": 0.0, "revenue": 4043000000, "researchAndDevelopmentExpenses": 0.0, "acceptedDate": "2015-03-16 16:37:57", "fillingDate": "2015-03-16", "weightedAverageShsOutDil": 193600000, "costAndExpenses": 9886000000, "ebitda": 367000000, "ebitdaratio": 0.0907741775909, "incomeBeforeTaxRatio": 0.106604006926, "incomeTaxExpense": 176000000, "totalOtherIncomeExpensesNet": 0.0, "grossProfit": -4759000000, "otherExpenses": 0.0, "incomeBeforeTax": 431000000, "operatingExpenses": 1084000000, "generalAndAdministrativeExpenses": 1084000000, "netIncome": 255000000, "symbol": "JWN", "weightedAverageShsOut": 190000000, "period": "FY", "link": "https://www.sec.gov/Archives/edgar/data/72333/000007233315000041/0000072333-15-000041-index.htm", "date": "2015-01-31", "netIncomeRatio": 0.0630719762553, "grossProfitRatio": -1.1770962156814246, "interestExpense": 34000000, "eps": 1.34, "epsdiluted": 1.32, "depreciationAndAmortization": 112000000, "costOfRevenue": 8802000000, "operatingIncomeRatio": 0.0630719762553, "operatingIncome": 255000000}, {"finalLink": "https://www.sec.gov/Archives/edgar/data/72333/000007233314000158/jwn-q32014x10q.htm", "sellingAndMarketingExpenses": 0.0, "revenue": 3140000000, "researchAndDevelopmentExpenses": 0.0, "acceptedDate": "2014-12-02 16:30:14", "fillingDate": "2014-12-02", "weightedAverageShsOutDil": 193400000, "costAndExpenses": 917000000, "ebitda": 258000000, "ebitdaratio": 0.0821656050955, "incomeBeforeTaxRatio": 0.0726114649682, "incomeTaxExpense": 86000000, "totalOtherIncomeExpensesNet": 0.0, "grossProfit": 1179000000, "otherExpenses": 0.0, "incomeBeforeTax": 228000000, "operatingExpenses": 917000000, "generalAndAdministrativeExpenses": 917000000, "netIncome": 142000000, "symbol": "JWN", "weightedAverageShsOut": 190000000, "period": "Q3", "link": "https://www.sec.gov/Archives/edgar/data/72333/000007233314000158/0000072333-14-000158-index.htm", "date": "2014-11-01", "netIncomeRatio": 0.0452229299363, "grossProfitRatio": 0.37547770700636945, "interestExpense": 34000000, "eps": 0.75, "epsdiluted": 0.72, "depreciationAndAmortization": 116000000, "costOfRevenue": 1961000000, "operatingIncomeRatio": 0.0452229299363, "operatingIncome": 142000000}, {"finalLink": "https://www.sec.gov/Archives/edgar/data/72333/000007233314000140/jwn-q22014x10q.htm", "sellingAndMarketingExpenses": 0.0, "revenue": 3392000000, "researchAndDevelopmentExpenses": 0.0, "acceptedDate": "2014-09-02 16:07:43", "fillingDate": "2014-09-02", "weightedAverageShsOutDil": 192700000, "costAndExpenses": 932000000, "ebitda": 287000000, "ebitdaratio": 0.0846108490566, "incomeBeforeTaxRatio": 0.0872641509434, "incomeTaxExpense": 113000000, "totalOtherIncomeExpensesNet": 0.0, "grossProfit": 1263000000, "otherExpenses": 0.0, "incomeBeforeTax": 296000000, "operatingExpenses": 932000000, "generalAndAdministrativeExpenses": 932000000, "netIncome": 183000000, "symbol": "JWN", "weightedAverageShsOut": 189700000, "period": "Q2", "link": "https://www.sec.gov/Archives/edgar/data/72333/000007233314000140/0000072333-14-000140-index.htm", "date": "2014-08-02", "netIncomeRatio": 0.0539504716981, "grossProfitRatio": 0.37234669811320753, "interestExpense": 35000000, "eps": 0.96, "epsdiluted": 0.96, "depreciationAndAmortization": 104000000, "costOfRevenue": 2129000000, "operatingIncomeRatio": 0.0539504716981, "operatingIncome": 183000000}, {"finalLink": "https://www.sec.gov/Archives/edgar/data/72333/000007233314000036/jwn-212014x10k.htm", "sellingAndMarketingExpenses": 0.0, "revenue": 2931000000, "researchAndDevelopmentExpenses": 0.0, "acceptedDate": "2014-06-03 16:17:45", "fillingDate": "2014-06-03", "weightedAverageShsOutDil": 192700000, "costAndExpenses": 844000000, "ebitda": 240000000, "ebitdaratio": 0.0818833162743, "incomeBeforeTaxRatio": 0.09041282838621631, "incomeTaxExpense": 90000000, "totalOtherIncomeExpensesNet": 0.0, "grossProfit": 1109000000, "otherExpenses": 0.0, "incomeBeforeTax": 230000000, "operatingExpenses": 844000000, "generalAndAdministrativeExpenses": 844000000, "netIncome": 140000000, "symbol": "JWN", "weightedAverageShsOut": 189800000, "period": "Q1", "link": "https://www.sec.gov/Archives/edgar/data/72333/000007233314000109/0000072333-14-000109-index.htm", "date": "2014-05-03", "netIncomeRatio": 0.0477652678267, "grossProfitRatio": 0.37836915728420334, "interestExpense": 35000000, "eps": 0.74, "epsdiluted": 0.72, "depreciationAndAmortization": 100000000, "costOfRevenue": 1822000000, "operatingIncomeRatio": 0.0477652678267, "operatingIncome": 140000000}, {"finalLink": "https://www.sec.gov/Archives/edgar/data/72333/000007233314000036/jwn-212014x10k.htm", "sellingAndMarketingExpenses": 0.0, "revenue": 3711000000, "researchAndDevelopmentExpenses": 0.0, "acceptedDate": "2014-03-17 16:37:22", "fillingDate": "2014-03-17", "weightedAverageShsOutDil": 197700000, "costAndExpenses": 9066000000, "ebitda": 372000000, "ebitdaratio": 0.100242522231, "incomeBeforeTaxRatio": 0.117758016707, "incomeTaxExpense": 169000000, "totalOtherIncomeExpensesNet": 0.0, "grossProfit": -4400000000, "otherExpenses": 0.0, "incomeBeforeTax": 437000000, "operatingExpenses": 955000000, "generalAndAdministrativeExpenses": 955000000, "netIncome": 268000000, "symbol": "JWN", "weightedAverageShsOut": 194500000, "period": "FY", "link": "https://www.sec.gov/Archives/edgar/data/72333/000007233314000036/0000072333-14-000036-index.htm", "date": "2014-02-01", "netIncomeRatio": 0.0722177310698, "grossProfitRatio": -1.1856642414443546, "interestExpense": 50000000, "eps": 1.38, "epsdiluted": 1.36, "depreciationAndAmortization": 104000000, "costOfRevenue": 8111000000, "operatingIncomeRatio": 0.0722177310698, "operatingIncome": 268000000}, {"finalLink": "https://www.sec.gov/Archives/edgar/data/72333/000007233313000159/jwn-q32013x10q.htm", "sellingAndMarketingExpenses": 0.0, "revenue": 2884000000, "researchAndDevelopmentExpenses": 0.0, "acceptedDate": "2013-12-02 16:33:36", "fillingDate": "2013-12-02", "weightedAverageShsOutDil": 198300000, "costAndExpenses": 840000000, "ebitda": 241000000, "ebitdaratio": 0.0835644937587, "incomeBeforeTaxRatio": 0.0755894590846, "incomeTaxExpense": 81000000, "totalOtherIncomeExpensesNet": 0.0, "grossProfit": 1093000000, "otherExpenses": 0.0, "incomeBeforeTax": 218000000, "operatingExpenses": 840000000, "generalAndAdministrativeExpenses": 840000000, "netIncome": 137000000, "symbol": "JWN", "weightedAverageShsOut": 195100000, "period": "Q3", "link": "https://www.sec.gov/Archives/edgar/data/72333/000007233313000159/0000072333-13-000159-index.htm", "date": "2013-11-02", "netIncomeRatio": 0.0475034674064, "grossProfitRatio": 0.3789875173370319, "interestExpense": 35000000, "eps": 0.71, "epsdiluted": 0.69, "depreciationAndAmortization": 104000000, "costOfRevenue": 1791000000, "operatingIncomeRatio": 0.0475034674064, "operatingIncome": 137000000}, {"finalLink": "https://www.sec.gov/Archives/edgar/data/72333/000007233313000130/jwn-q22013x10q.htm", "sellingAndMarketingExpenses": 0.0, "revenue": 3196000000, "researchAndDevelopmentExpenses": 0.0, "acceptedDate": "2013-09-03 16:25:22", "fillingDate": "2013-09-03", "weightedAverageShsOutDil": 198900000, "costAndExpenses": 857000000, "ebitda": 188000000, "ebitdaratio": 0.0588235294118, "incomeBeforeTaxRatio": 0.0932415519399, "incomeTaxExpense": 114000000, "totalOtherIncomeExpensesNet": 0.0, "grossProfit": 1192000000, "otherExpenses": 0.0, "incomeBeforeTax": 298000000, "operatingExpenses": 857000000, "generalAndAdministrativeExpenses": 857000000, "netIncome": 184000000, "symbol": "JWN", "weightedAverageShsOut": 195500000, "period": "Q2", "link": "https://www.sec.gov/Archives/edgar/data/72333/000007233313000130/0000072333-13-000130-index.htm", "date": "2013-08-03", "netIncomeRatio": 0.0575719649562, "grossProfitRatio": 0.37296620775969963, "interestExpense": 37000000, "eps": 0.94, "epsdiluted": 0.93, "depreciationAndAmortization": 95000000, "costOfRevenue": 2004000000, "operatingIncomeRatio": 0.029098873592, "operatingIncome": 93000000}, {"finalLink": "https://www.sec.gov/Archives/edgar/data/72333/000007233313000039/jwn-222013x10k.htm", "sellingAndMarketingExpenses": 0.0, "revenue": 2749000000, "researchAndDevelopmentExpenses": 0.0, "acceptedDate": "2013-06-04 16:27:23", "fillingDate": "2013-06-04", "weightedAverageShsOutDil": 199000000, "costAndExpenses": 801000000, "ebitda": 329000000, "ebitdaratio": 0.119679883594, "incomeBeforeTaxRatio": 0.0858493997817, "incomeTaxExpense": 91000000, "totalOtherIncomeExpensesNet": 0.0, "grossProfit": 1076000000, "otherExpenses": 0.0, "incomeBeforeTax": 236000000, "operatingExpenses": 801000000, "generalAndAdministrativeExpenses": 801000000, "netIncome": 145000000, "symbol": "JWN", "weightedAverageShsOut": 195600000, "period": "Q1", "link": "https://www.sec.gov/Archives/edgar/data/72333/000007233313000096/0000072333-13-000096-index.htm", "date": "2013-05-04", "netIncomeRatio": 0.0527464532557, "grossProfitRatio": 0.39141506002182613, "interestExpense": 39000000, "eps": 0.74, "epsdiluted": 0.73, "depreciationAndAmortization": 93000000, "costOfRevenue": 1673000000, "operatingIncomeRatio": 0.0858493997817, "operatingIncome": 236000000}, {"finalLink": "https://www.sec.gov/Archives/edgar/data/72333/000007233313000039/jwn-222013x10k.htm", "sellingAndMarketingExpenses": 0.0, "revenue": 3702000000, "researchAndDevelopmentExpenses": 0.0, "acceptedDate": "2013-03-18 16:56:03", "fillingDate": "2013-03-18", "weightedAverageShsOutDil": 206700000, "costAndExpenses": 7871000000, "ebitda": 555000000, "ebitdaratio": 0.149918962723, "incomeBeforeTaxRatio": 0.123176661264, "incomeTaxExpense": 172000000, "totalOtherIncomeExpensesNet": 0.0, "grossProfit": -4116000000, "otherExpenses": 0.0, "incomeBeforeTax": 456000000, "operatingExpenses": 53000000, "generalAndAdministrativeExpenses": 53000000, "netIncome": 284000000, "symbol": "JWN", "weightedAverageShsOut": 203000000, "period": "FY", "link": "https://www.sec.gov/Archives/edgar/data/72333/000007233313000039/0000072333-13-000039-index.htm", "date": "2013-02-02", "netIncomeRatio": 0.076715289033, "grossProfitRatio": -1.1118314424635332, "interestExpense": 42000000, "eps": 1.41, "epsdiluted": 1.39, "depreciationAndAmortization": 99000000, "costOfRevenue": 7818000000, "operatingIncomeRatio": 0.123176661264, "operatingIncome": 456000000}, {"finalLink": "https://www.sec.gov/Archives/edgar/data/72333/000007233312000170/jwn-q32012x10q.htm", "sellingAndMarketingExpenses": 0.0, "revenue": 2808000000, "researchAndDevelopmentExpenses": 0.0, "acceptedDate": "2012-12-03 16:40:19", "fillingDate": "2012-12-03", "weightedAverageShsOutDil": 208200000, "costAndExpenses": 46000000, "ebitda": 331000000, "ebitdaratio": 0.117877492877, "incomeBeforeTaxRatio": 0.085113960114, "incomeTaxExpense": 93000000, "totalOtherIncomeExpensesNet": 0.0, "grossProfit": 1078000000, "otherExpenses": 0.0, "incomeBeforeTax": 239000000, "operatingExpenses": 46000000, "generalAndAdministrativeExpenses": 46000000, "netIncome": 146000000, "symbol": "JWN", "weightedAverageShsOut": 204500000, "period": "Q3", "link": "https://www.sec.gov/Archives/edgar/data/72333/000007233312000170/0000072333-12-000170-index.htm", "date": "2012-10-27", "netIncomeRatio": 0.0519943019943, "grossProfitRatio": 0.3839031339031339, "interestExpense": 38000000, "eps": 0.73, "epsdiluted": 0.72, "depreciationAndAmortization": 92000000, "costOfRevenue": 1730000000, "operatingIncomeRatio": 0.085113960114, "operatingIncome": 239000000}, {"finalLink": "https://www.sec.gov/Archives/edgar/data/72333/000007233312000140/jwn-q22012x10q.htm", "sellingAndMarketingExpenses": 0.0, "revenue": 3009000000, "researchAndDevelopmentExpenses": 0.0, "acceptedDate": "2012-08-27 16:47:17", "fillingDate": "2012-08-27", "weightedAverageShsOutDil": 210000000, "costAndExpenses": 62000000, "ebitda": 342000000, "ebitdaratio": 0.113659022931, "incomeBeforeTaxRatio": 0.0830840810901, "incomeTaxExpense": 94000000, "totalOtherIncomeExpensesNet": 0.0, "grossProfit": 1130000000, "otherExpenses": 0.0, "incomeBeforeTax": 250000000, "operatingExpenses": 62000000, "generalAndAdministrativeExpenses": 62000000, "netIncome": 156000000, "symbol": "JWN", "weightedAverageShsOut": 206300000, "period": "Q2", "link": "https://www.sec.gov/Archives/edgar/data/72333/000007233312000140/0000072333-12-000140-index.htm", "date": "2012-07-28", "netIncomeRatio": 0.0518444666002, "grossProfitRatio": 0.3755400465270854, "interestExpense": 40000000, "eps": 0.76, "epsdiluted": 0.75, "depreciationAndAmortization": 92000000, "costOfRevenue": 1879000000, "operatingIncomeRatio": 0.0830840810901, "operatingIncome": 250000000}, {"finalLink": "https://www.sec.gov/Archives/edgar/data/72333/000119312512119641/d264543d10k.htm", "sellingAndMarketingExpenses": 0.0, "revenue": 2629000000, "researchAndDevelopmentExpenses": 0.0, "acceptedDate": "2012-05-29 16:21:49", "fillingDate": "2012-05-29", "weightedAverageShsOutDil": 211400000, "costAndExpenses": 44000000, "ebitda": 323000000, "ebitdaratio": 0.122860403195, "incomeBeforeTaxRatio": 0.0912894636744, "incomeTaxExpense": 91000000, "totalOtherIncomeExpensesNet": 0.0, "grossProfit": 1045000000, "otherExpenses": 0.0, "incomeBeforeTax": 240000000, "operatingExpenses": 44000000, "generalAndAdministrativeExpenses": 44000000, "netIncome": 149000000, "symbol": "JWN", "weightedAverageShsOut": 207300000, "period": "Q1", "link": "https://www.sec.gov/Archives/edgar/data/72333/000007233312000115/0000072333-12-000115-index.htm", "date": "2012-04-28", "netIncomeRatio": 0.0566755420312, "grossProfitRatio": 0.39748953974895396, "interestExpense": 40000000, "eps": 0.72, "epsdiluted": 0.7, "depreciationAndAmortization": 83000000, "costOfRevenue": 1584000000, "operatingIncomeRatio": 0.0912894636744, "operatingIncome": 240000000}, {"finalLink": "https://www.sec.gov/Archives/edgar/data/72333/000119312512119641/d264543d10k.htm", "sellingAndMarketingExpenses": 0.0, "revenue": 3266000000, "researchAndDevelopmentExpenses": 0.0, "acceptedDate": "2012-03-16 16:03:29", "fillingDate": "2012-03-16", "weightedAverageShsOutDil": 217700000, "costAndExpenses": 7201000000, "ebitda": 482000000, "ebitdaratio": 0.147581139008, "incomeBeforeTaxRatio": 0.116044090631, "incomeTaxExpense": 143000000, "totalOtherIncomeExpensesNet": 0.0, "grossProfit": -3706000000, "otherExpenses": 0.0, "incomeBeforeTax": 379000000, "operatingExpenses": 229000000, "generalAndAdministrativeExpenses": 229000000, "netIncome": 236000000, "symbol": "JWN", "weightedAverageShsOut": 213500000, "period": "FY", "link": "https://www.sec.gov/Archives/edgar/data/72333/000119312512119641/0001193125-12-119641-index.htm", "date": "2012-01-28", "netIncomeRatio": 0.0722596448255, "grossProfitRatio": -1.1347213717085118, "interestExpense": 38000000, "eps": 1.12, "epsdiluted": 1.1, "depreciationAndAmortization": 103000000, "costOfRevenue": 6972000000, "operatingIncomeRatio": 0.116044090631, "operatingIncome": 379000000}, {"finalLink": "https://www.sec.gov/Archives/edgar/data/72333/000119312511333582/d238150d10q.htm", "sellingAndMarketingExpenses": 0.0, "revenue": 2478000000, "researchAndDevelopmentExpenses": 0.0, "acceptedDate": "2011-12-07 16:06:09", "fillingDate": "2011-12-07", "weightedAverageShsOutDil": 219600000, "costAndExpenses": 1511000000, "ebitda": 316000000, "ebitdaratio": 0.127522195319, "incomeBeforeTaxRatio": 0.0843422114609, "incomeTaxExpense": 82000000, "totalOtherIncomeExpensesNet": 0.0, "grossProfit": 967000000, "otherExpenses": 0.0, "incomeBeforeTax": 209000000, "operatingExpenses": 0.0, "generalAndAdministrativeExpenses": 0.0, "netIncome": 127000000, "symbol": "JWN", "weightedAverageShsOut": 215300000, "period": "Q3", "link": "https://www.sec.gov/Archives/edgar/data/72333/000119312511333582/0001193125-11-333582-index.htm", "date": "2011-10-29", "netIncomeRatio": 0.0512510088781, "grossProfitRatio": 0.39023405972558517, "interestExpense": 31000000, "eps": 0.61, "epsdiluted": 0.6, "depreciationAndAmortization": 107000000, "costOfRevenue": 1511000000, "operatingIncomeRatio": 0.0843422114609, "operatingIncome": 209000000}, {"finalLink": "https://www.sec.gov/Archives/edgar/data/72333/000119312511242325/d10q.htm", "sellingAndMarketingExpenses": 0.0, "revenue": 2810000000, "researchAndDevelopmentExpenses": 0.0, "acceptedDate": "2011-09-07 16:06:52", "fillingDate": "2011-09-07", "weightedAverageShsOutDil": 221800000, "costAndExpenses": 1723000000, "ebitda": 397000000, "ebitdaratio": 0.14128113879, "incomeBeforeTaxRatio": 0.103202846975, "incomeTaxExpense": 115000000, "totalOtherIncomeExpensesNet": 0.0, "grossProfit": 1087000000, "otherExpenses": 0.0, "incomeBeforeTax": 290000000, "operatingExpenses": 0.0, "generalAndAdministrativeExpenses": 0.0, "netIncome": 175000000, "symbol": "JWN", "weightedAverageShsOut": 217500000, "period": "Q2", "link": "https://www.sec.gov/Archives/edgar/data/72333/000119312511242325/0001193125-11-242325-index.htm", "date": "2011-07-30", "netIncomeRatio": 0.0622775800712, "grossProfitRatio": 0.38683274021352315, "interestExpense": 30000000, "eps": 0.81, "epsdiluted": 0.79, "depreciationAndAmortization": 107000000, "costOfRevenue": 1723000000, "operatingIncomeRatio": 0.103202846975, "operatingIncome": 290000000}, {"finalLink": "https://www.sec.gov/Archives/edgar/data/72333/000119312511071211/d10k.htm", "sellingAndMarketingExpenses": 0.0, "revenue": 2323000000, "researchAndDevelopmentExpenses": 0.0, "acceptedDate": "2011-06-08 16:05:52", "fillingDate": "2011-06-08", "weightedAverageShsOutDil": 223300000, "costAndExpenses": 1385000000, "ebitda": 341000000, "ebitdaratio": 0.146792940164, "incomeBeforeTaxRatio": 0.103745157124, "incomeTaxExpense": 96000000, "totalOtherIncomeExpensesNet": 0.0, "grossProfit": 938000000, "otherExpenses": 0.0, "incomeBeforeTax": 241000000, "operatingExpenses": 0.0, "generalAndAdministrativeExpenses": 0.0, "netIncome": 145000000, "symbol": "JWN", "weightedAverageShsOut": 219000000, "period": "Q1", "link": "https://www.sec.gov/Archives/edgar/data/72333/000119312511161191/0001193125-11-161191-index.htm", "date": "2011-04-30", "netIncomeRatio": 0.0624192854068, "grossProfitRatio": 0.40378820490744727, "interestExpense": 31000000, "eps": 0.66, "epsdiluted": 0.65, "depreciationAndAmortization": 100000000, "costOfRevenue": 1385000000, "operatingIncomeRatio": 0.103745157124, "operatingIncome": 241000000}, {"finalLink": "https://www.sec.gov/Archives/edgar/data/72333/000119312511071211/d10k.htm", "sellingAndMarketingExpenses": 0.0, "revenue": 2916000000, "researchAndDevelopmentExpenses": 0.0, "acceptedDate": "2011-03-18 16:07:14", "fillingDate": "2011-03-18", "weightedAverageShsOutDil": 222600000, "costAndExpenses": 6287000000, "ebitda": 373000000, "ebitdaratio": 0.127914951989, "incomeBeforeTaxRatio": 0.127914951989, "incomeTaxExpense": 141000000, "totalOtherIncomeExpensesNet": 0.0, "grossProfit": -3371000000, "otherExpenses": 0.0, "incomeBeforeTax": 373000000, "operatingExpenses": 0.0, "generalAndAdministrativeExpenses": 0.0, "netIncome": 232000000, "symbol": "JWN", "weightedAverageShsOut": 218800000, "period": "FY", "link": "https://www.sec.gov/Archives/edgar/data/72333/000119312511071211/0001193125-11-071211-index.htm", "date": "2011-01-29", "netIncomeRatio": 0.079561042524, "grossProfitRatio": -1.1560356652949246, "interestExpense": 33000000, "eps": 1.06, "epsdiluted": 1.04, "depreciationAndAmortization": 83000000, "costOfRevenue": 6287000000, "operatingIncomeRatio": 0.127914951989, "operatingIncome": 373000000}, {"finalLink": "https://www.sec.gov/Archives/edgar/data/72333/000119312510276629/d10q.htm", "sellingAndMarketingExpenses": 0.0, "revenue": 2182000000, "researchAndDevelopmentExpenses": 0.0, "acceptedDate": "2010-12-08 16:06:17", "fillingDate": "2010-12-08", "weightedAverageShsOutDil": 222600000, "costAndExpenses": 1331000000, "ebitda": 190000000, "ebitdaratio": 0.0870760769936, "incomeBeforeTaxRatio": 0.0870760769936, "incomeTaxExpense": 71000000, "totalOtherIncomeExpensesNet": 0.0, "grossProfit": 851000000, "otherExpenses": 0.0, "incomeBeforeTax": 190000000, "operatingExpenses": 0.0, "generalAndAdministrativeExpenses": 0.0, "netIncome": 119000000, "symbol": "JWN", "weightedAverageShsOut": 218900000, "period": "Q3", "link": "https://www.sec.gov/Archives/edgar/data/72333/000119312510276629/0001193125-10-276629-index.htm", "date": "2010-10-30", "netIncomeRatio": 0.0545371219065, "grossProfitRatio": 0.3900091659028414, "interestExpense": 31000000, "eps": 0.56, "epsdiluted": 0.53, "depreciationAndAmortization": 82000000, "costOfRevenue": 1331000000, "operatingIncomeRatio": 0.0870760769936, "operatingIncome": 190000000}, {"finalLink": "https://www.sec.gov/Archives/edgar/data/72333/000119312510206660/d10q.htm", "sellingAndMarketingExpenses": 0.0, "revenue": 2515000000, "researchAndDevelopmentExpenses": 0.0, "acceptedDate": "2010-09-08 16:06:54", "fillingDate": "2010-09-08", "weightedAverageShsOutDil": 222600000, "costAndExpenses": 1565000000, "ebitda": 240000000, "ebitdaratio": 0.0954274353877, "incomeBeforeTaxRatio": 0.0954274353877, "incomeTaxExpense": 94000000, "totalOtherIncomeExpensesNet": 0.0, "grossProfit": 950000000, "otherExpenses": 0.0, "incomeBeforeTax": 240000000, "operatingExpenses": 0.0, "generalAndAdministrativeExpenses": 0.0, "netIncome": 146000000, "symbol": "JWN", "weightedAverageShsOut": 218900000, "period": "Q2", "link": "https://www.sec.gov/Archives/edgar/data/72333/000119312510206660/0001193125-10-206660-index.htm", "date": "2010-07-31", "netIncomeRatio": 0.0580516898608, "grossProfitRatio": 0.37773359840954274, "interestExpense": 32000000, "eps": 0.66, "epsdiluted": 0.66, "depreciationAndAmortization": 83000000, "costOfRevenue": 1565000000, "operatingIncomeRatio": 0.0954274353877, "operatingIncome": 240000000}, {"finalLink": "https://www.sec.gov/Archives/edgar/data/72333/000095012310026782/v54971e10vk.htm", "sellingAndMarketingExpenses": 0.0, "revenue": 2087000000, "researchAndDevelopmentExpenses": 0.0, "acceptedDate": "2010-06-08 16:13:55", "fillingDate": "2010-06-08", "weightedAverageShsOutDil": 222600000, "costAndExpenses": 1243000000, "ebitda": 188000000, "ebitdaratio": 0.0900814566363, "incomeBeforeTaxRatio": 0.0900814566363, "incomeTaxExpense": 72000000, "totalOtherIncomeExpensesNet": 0.0, "grossProfit": 844000000, "otherExpenses": 0.0, "incomeBeforeTax": 188000000, "operatingExpenses": 0.0, "generalAndAdministrativeExpenses": 0.0, "netIncome": 116000000, "symbol": "JWN", "weightedAverageShsOut": 218900000, "period": "Q1", "link": "https://www.sec.gov/Archives/edgar/data/72333/000119312510134925/0001193125-10-134925-index.htm", "date": "2010-05-01", "netIncomeRatio": 0.0555821753713, "grossProfitRatio": 0.40440824149496885, "interestExpense": 31000000, "eps": 0.52, "epsdiluted": 0.52, "depreciationAndAmortization": 79000000, "costOfRevenue": 1243000000, "operatingIncomeRatio": 0.0900814566363, "operatingIncome": 188000000}, {"finalLink": "https://www.sec.gov/Archives/edgar/data/72333/000095012310026782/v54971e10vk.htm", "sellingAndMarketingExpenses": 0.0, "revenue": 2640000000, "researchAndDevelopmentExpenses": 0.0, "acceptedDate": "2010-03-22 14:24:25", "fillingDate": "2010-03-22", "weightedAverageShsOutDil": 222600000, "costAndExpenses": 1593000000, "ebitda": 389000000, "ebitdaratio": 0.247115043048, "incomeBeforeTaxRatio": 0.0774667505855, "incomeTaxExpense": -105000000, "totalOtherIncomeExpensesNet": 0.0, "grossProfit": 1047000000, "otherExpenses": 0.0, "incomeBeforeTax": 310000000, "operatingExpenses": -736233000, "generalAndAdministrativeExpenses": -736233000, "netIncome": 415000000, "symbol": "JWN", "weightedAverageShsOut": 218900000, "period": "FY", "link": "https://www.sec.gov/Archives/edgar/data/72333/000095012310026782/0000950123-10-026782-index.htm", "date": "2010-01-30", "netIncomeRatio": 0.061728276779, "grossProfitRatio": 0.3965909090909091, "interestExpense": -19173000, "eps": -1.49, "epsdiluted": -1.48, "depreciationAndAmortization": 79000000, "costOfRevenue": 1593000000, "operatingIncomeRatio": 0.0858183490485, "operatingIncome": 310000000}, {"finalLink": "https://www.sec.gov/Archives/edgar/data/72333/000095012309069177/v54266e10vq.htm", "sellingAndMarketingExpenses": 0.0, "revenue": 1963000000, "researchAndDevelopmentExpenses": 0.0, "acceptedDate": "2009-12-08 16:03:21", "fillingDate": "2009-12-08", "weightedAverageShsOutDil": 543548387, "costAndExpenses": 1210000000, "ebitda": 251000000, "ebitdaratio": 0.12786551197147222, "incomeBeforeTaxRatio": 0.08762098828323994, "incomeTaxExpense": -51000000, "totalOtherIncomeExpensesNet": 0.0, "grossProfit": 753000000, "otherExpenses": 0.0, "incomeBeforeTax": 172000000, "operatingExpenses": 0.0, "generalAndAdministrativeExpenses": 0.0, "netIncome": 223000000, "symbol": "JWN", "weightedAverageShsOut": 543548387, "period": "Q3", "link": "https://www.sec.gov/Archives/edgar/data/72333/000095012309069177/0000950123-09-069177-index.htm", "date": "2009-10-31", "netIncomeRatio": 0.11360163015792155, "grossProfitRatio": 0.3835965359144167, "interestExpense": 38000000, "eps": 1.24, "epsdiluted": 1.24, "depreciationAndAmortization": 79000000, "costOfRevenue": 1210000000, "operatingIncomeRatio": 0.08762098828323994, "operatingIncome": 172000000}, {"finalLink": "https://www.sec.gov/Archives/edgar/data/72333/000095012309041984/v53370e10vq.htm", "sellingAndMarketingExpenses": 0.0, "revenue": 2232000000, "researchAndDevelopmentExpenses": 0.0, "acceptedDate": "2009-09-09 13:22:54", "fillingDate": "2009-09-09", "weightedAverageShsOutDil": 222600000, "costAndExpenses": 1418000000, "ebitda": 284000000, "ebitdaratio": 0.12724014336917563, "incomeBeforeTaxRatio": 0.09229390681003584, "incomeTaxExpense": -65000000, "totalOtherIncomeExpensesNet": 0.0, "grossProfit": 814000000, "otherExpenses": 0.0, "incomeBeforeTax": 206000000, "operatingExpenses": 0.0, "generalAndAdministrativeExpenses": 0.0, "netIncome": 271000000, "symbol": "JWN", "weightedAverageShsOut": 218900000, "period": "Q2", "link": "https://www.sec.gov/Archives/edgar/data/72333/000095012309041984/0000950123-09-041984-index.htm", "date": "2009-08-01", "netIncomeRatio": 0.12141577060931899, "grossProfitRatio": 0.36469534050179214, "interestExpense": 36000000, "eps": 0.86, "epsdiluted": 0.86, "depreciationAndAmortization": 78000000, "costOfRevenue": 1418000000, "operatingIncomeRatio": 0.09229390681003584, "operatingIncome": 206000000}, {"finalLink": "https://www.sec.gov/Archives/edgar/data/72333/000095013409005871/v51634e10vk.htm", "sellingAndMarketingExpenses": 0.0, "revenue": 1792000000, "researchAndDevelopmentExpenses": 0.0, "acceptedDate": "2009-06-09 15:09:04", "fillingDate": "2009-06-09", "weightedAverageShsOutDil": 473684210, "costAndExpenses": 1107000000, "ebitda": 223000000, "ebitdaratio": 0.12444196428571429, "incomeBeforeTaxRatio": 0.08147321428571429, "incomeTaxExpense": -34000000, "totalOtherIncomeExpensesNet": 0.0, "grossProfit": 685000000, "otherExpenses": 0.0, "incomeBeforeTax": 146000000, "operatingExpenses": 0.0, "generalAndAdministrativeExpenses": 0.0, "netIncome": 180000000, "symbol": "JWN", "weightedAverageShsOut": 473684210, "period": "Q1", "link": "https://www.sec.gov/Archives/edgar/data/72333/000095012309012544/0000950123-09-012544-index.htm", "date": "2009-05-02", "netIncomeRatio": 0.10044642857142858, "grossProfitRatio": 0.3822544642857143, "interestExpense": 31000000, "eps": 0.38, "epsdiluted": 0.38, "depreciationAndAmortization": 77000000, "costOfRevenue": 1107000000, "operatingIncomeRatio": 0.08147321428571429, "operatingIncome": 146000000}, {"finalLink": "https://www.sec.gov/Archives/edgar/data/72333/000095013409005871/v51634e10vk.htm", "sellingAndMarketingExpenses": 0.0, "revenue": 2602000000, "researchAndDevelopmentExpenses": 0.0, "acceptedDate": "2009-03-23 17:04:48", "fillingDate": "2009-03-23", "weightedAverageShsOutDil": 554594594, "costAndExpenses": 3281000000, "ebitda": 236000000, "ebitdaratio": 0.09069946195234435, "incomeBeforeTaxRatio": 0.05995388162951576, "incomeTaxExpense": -55000000, "totalOtherIncomeExpensesNet": 9000000.0, "grossProfit": 1037000000, "otherExpenses": 9000000.0, "incomeBeforeTax": 156000000, "operatingExpenses": 1716000000, "generalAndAdministrativeExpenses": 1716000000, "netIncome": 211000000, "symbol": "JWN", "weightedAverageShsOut": 554594594, "period": "FY", "link": "https://www.sec.gov/Archives/edgar/data/72333/000095013409005871/0000950134-09-005871-index.htm", "date": "2009-01-31", "netIncomeRatio": 0.08109146810146041, "grossProfitRatio": 0.3985395849346656, "interestExpense": 33000000, "eps": 1.85, "epsdiluted": 1.85, "depreciationAndAmortization": 80000000, "costOfRevenue": 1565000000, "operatingIncomeRatio": 0.05995388162951576, "operatingIncome": 156000000}, {"finalLink": "https://www.sec.gov/Archives/edgar/data/72333/000095013408021854/v50777e10vq.htm", "sellingAndMarketingExpenses": 0.0, "revenue": 5971000000, "researchAndDevelopmentExpenses": 0.0, "acceptedDate": "2008-12-09 14:50:57", "fillingDate": "2008-12-09", "weightedAverageShsOutDil": 529220779, "costAndExpenses": 2121000000, "ebitda": 684000000, "ebitdaratio": 0.11455367610115559, "incomeBeforeTaxRatio": 0.10182548986769385, "incomeTaxExpense": -192000000, "totalOtherIncomeExpensesNet": 0.0, "grossProfit": 2124000000, "otherExpenses": 0.0, "incomeBeforeTax": 608000000, "operatingExpenses": -1726000000, "generalAndAdministrativeExpenses": -1726000000, "netIncome": 800000000, "symbol": "JWN", "weightedAverageShsOut": 529220779, "period": "Q3", "link": "https://www.sec.gov/Archives/edgar/data/72333/000095013408021854/0000950134-08-021854-index.htm", "date": "2008-11-01", "netIncomeRatio": 0.1339809077206498, "grossProfitRatio": 0.35571930999832524, "interestExpense": 98000000, "eps": 1.54, "epsdiluted": 1.54, "depreciationAndAmortization": 76000000, "costOfRevenue": 3847000000, "operatingIncomeRatio": 0.10182548986769385, "operatingIncome": 608000000}, {"finalLink": "https://www.sec.gov/Archives/edgar/data/72333/000095013408016412/v43545e10vq.htm", "sellingAndMarketingExpenses": 0.0, "revenue": 0.0, "researchAndDevelopmentExpenses": 0.0, "acceptedDate": "2008-09-10 14:47:56", "fillingDate": "2008-09-10", "weightedAverageShsOutDil": 562962962, "costAndExpenses": 15000000, "ebitda": 89000000, "ebitdaratio": 0.0, "incomeBeforeTaxRatio": 0.0, "incomeTaxExpense": 0.0, "totalOtherIncomeExpensesNet": 0.0, "grossProfit": -5000000.0, "otherExpenses": 0.0, "incomeBeforeTax": 15000000, "operatingExpenses": 10000000, "generalAndAdministrativeExpenses": 10000000, "netIncome": 15000000, "symbol": "JWN", "weightedAverageShsOut": 562962962, "period": "Q2", "link": "https://www.sec.gov/Archives/edgar/data/72333/000095013408016412/0000950134-08-016412-index.htm", "date": "2008-08-02", "netIncomeRatio": 0.0, "grossProfitRatio": 0.0, "interestExpense": 0.0, "eps": 0.0, "epsdiluted": 0.0, "depreciationAndAmortization": 74000000, "costOfRevenue": 5000000.0, "operatingIncomeRatio": 0.0, "operatingIncome": 15000000}, {"finalLink": "https://www.sec.gov/Archives/edgar/data/72333/000095013408005196/v39073e10vk.htm", "sellingAndMarketingExpenses": 0.0, "revenue": 1879000000, "researchAndDevelopmentExpenses": 0.0, "acceptedDate": "2008-06-10 16:17:17", "fillingDate": "2008-06-10", "weightedAverageShsOutDil": 562962962, "costAndExpenses": 634000000, "ebitda": 299000000, "ebitdaratio": 0.1591271953166578, "incomeBeforeTaxRatio": 0.12080894092602448, "incomeTaxExpense": -77000000, "totalOtherIncomeExpensesNet": 0.0, "grossProfit": 700000000, "otherExpenses": 0.0, "incomeBeforeTax": 227000000, "operatingExpenses": -545000000, "generalAndAdministrativeExpenses": -545000000, "netIncome": 304000000, "symbol": "JWN", "weightedAverageShsOut": 562962962, "period": "Q1", "link": "https://www.sec.gov/Archives/edgar/data/72333/000095013408011021/0000950134-08-011021-index.htm", "date": "2008-05-03", "netIncomeRatio": 0.1617881852048962, "grossProfitRatio": 0.37253858435337944, "interestExpense": 31000000, "eps": 0.54, "epsdiluted": 0.54, "depreciationAndAmortization": 72000000, "costOfRevenue": 1179000000, "operatingIncomeRatio": 0.12080894092602448, "operatingIncome": 227000000}, {"finalLink": "https://www.sec.gov/Archives/edgar/data/72333/000095013408005196/v39073e10vk.htm", "sellingAndMarketingExpenses": 0.0, "revenue": 8828000000, "researchAndDevelopmentExpenses": 0.0, "acceptedDate": "2008-03-21 15:56:41", "fillingDate": "2008-03-21", "weightedAverageShsOutDil": 583904109, "costAndExpenses": 3166000000, "ebitda": -201007000000, "ebitdaratio": -22.76925690983235, "incomeBeforeTaxRatio": 0.14125509741730857, "incomeTaxExpense": -458000000, "totalOtherIncomeExpensesNet": 0.0, "grossProfit": 3302000000, "otherExpenses": 0.0, "incomeBeforeTax": 1247000000, "operatingExpenses": -2360000000, "generalAndAdministrativeExpenses": -2360000000, "netIncome": 1705000000, "symbol": "JWN", "weightedAverageShsOut": 583904109, "period": "FY", "link": "https://www.sec.gov/Archives/edgar/data/72333/000095013408005196/0000950134-08-005196-index.htm", "date": "2008-02-02", "netIncomeRatio": 0.1931354780244676, "grossProfitRatio": 0.37403715450838243, "interestExpense": 74000000, "eps": 2.92, "epsdiluted": 2.92, "depreciationAndAmortization": -202254000000, "costOfRevenue": 5526000000, "operatingIncomeRatio": 0.14125509741730857, "operatingIncome": 1247000000}, {"finalLink": "https://www.sec.gov/Archives/edgar/data/72333/000095013407025032/v36114e10vq.htm", "sellingAndMarketingExpenses": 0.0, "revenue": 1970444000, "researchAndDevelopmentExpenses": 0.0, "acceptedDate": "2007-12-06 16:56:36", "fillingDate": "2007-12-06", "weightedAverageShsOutDil": 564000497, "costAndExpenses": 675874000, "ebitda": 288557000, "ebitdaratio": 0.14644262917393236, "incomeBeforeTaxRatio": 0.13783796951347005, "incomeTaxExpense": -105878000, "totalOtherIncomeExpensesNet": 68779000, "grossProfit": 741938000, "otherExpenses": 0.0, "incomeBeforeTax": 271602000, "operatingExpenses": -552632000, "generalAndAdministrativeExpenses": -552632000, "netIncome": 377480000, "symbol": "JWN", "weightedAverageShsOut": 564000497, "period": "Q3", "link": "https://www.sec.gov/Archives/edgar/data/72333/000095013407025032/0000950134-07-025032-index.htm", "date": "2007-11-03", "netIncomeRatio": 0.19157103678155787, "grossProfitRatio": 0.37653341074397445, "interestExpense": 20408000, "eps": 2.01, "epsdiluted": 2.01, "depreciationAndAmortization": 65326000, "costOfRevenue": 1228506000, "operatingIncomeRatio": 0.11328969511440061, "operatingIncome": 223231000}, {"finalLink": "https://www.sec.gov/Archives/edgar/data/72333/000095013407019873/v33650e10vq.htm", "sellingAndMarketingExpenses": 0.0, "revenue": 2389498000, "researchAndDevelopmentExpenses": 0.0, "acceptedDate": "2007-09-12 13:34:14", "fillingDate": "2007-09-12", "weightedAverageShsOutDil": 568542105, "costAndExpenses": 877786000, "ebitda": 307277000, "ebitdaratio": 0.1285947927137834, "incomeBeforeTaxRatio": 0.12259855417330334, "incomeTaxExpense": -112519000, "totalOtherIncomeExpensesNet": 70316000, "grossProfit": 875578000, "otherExpenses": 0.0, "incomeBeforeTax": 292949000, "operatingExpenses": -636134000, "generalAndAdministrativeExpenses": -636134000, "netIncome": 405468000, "symbol": "JWN", "weightedAverageShsOut": 568542105, "period": "Q2", "link": "https://www.sec.gov/Archives/edgar/data/72333/000095013407019873/0000950134-07-019873-index.htm", "date": "2007-08-04", "netIncomeRatio": 0.169687524325193, "grossProfitRatio": 0.3664275927412369, "interestExpense": 16811000, "eps": 1.33, "epsdiluted": 1.33, "depreciationAndAmortization": 67833000, "costOfRevenue": 1513920000, "operatingIncomeRatio": 0.10020682168388506, "operatingIncome": 239444000}, {"finalLink": "https://www.sec.gov/Archives/edgar/data/72333/000095013407006483/v28408e10vk.htm", "sellingAndMarketingExpenses": 0.0, "revenue": 1953872000, "researchAndDevelopmentExpenses": 0.0, "acceptedDate": "2007-06-08 15:56:29", "fillingDate": "2007-06-08", "weightedAverageShsOutDil": 574906557, "costAndExpenses": 680738000, "ebitda": 274470000, "ebitdaratio": 0.14047491340272034, "incomeBeforeTaxRatio": 0.1298677702531179, "incomeTaxExpense": -96948000, "totalOtherIncomeExpensesNet": 55851000, "grossProfit": 739120000, "otherExpenses": 0.0, "incomeBeforeTax": 253745000, "operatingExpenses": -534014000, "generalAndAdministrativeExpenses": -534014000, "netIncome": 350693000, "symbol": "JWN", "weightedAverageShsOut": 574906557, "period": "Q1", "link": "https://www.sec.gov/Archives/edgar/data/72333/000095013407013148/0000950134-07-013148-index.htm", "date": "2007-05-05", "netIncomeRatio": 0.17948616900185888, "grossProfitRatio": 0.378284759697667, "interestExpense": 7212000.0, "eps": 0.61, "epsdiluted": 0.61, "depreciationAndAmortization": 69364000, "costOfRevenue": 1214752000, "operatingIncomeRatio": 0.10497412317695325, "operatingIncome": 205106000}, {"finalLink": "https://www.sec.gov/Archives/edgar/data/72333/000095013407006483/v28408e10vk.htm", "sellingAndMarketingExpenses": 0.0, "revenue": 2630904000, "researchAndDevelopmentExpenses": 0.0, "acceptedDate": "2007-03-23 15:33:27", "fillingDate": "2007-03-23", "weightedAverageShsOutDil": 589733461, "costAndExpenses": 939309000, "ebitda": 400537000, "ebitdaratio": 0.15224310731216342, "incomeBeforeTaxRatio": 0.1440740521128859, "incomeTaxExpense": -146704000, "totalOtherIncomeExpensesNet": 65017000, "grossProfit": 1006714000, "otherExpenses": 0.0, "incomeBeforeTax": 379045000, "operatingExpenses": -684881000, "generalAndAdministrativeExpenses": -684881000, "netIncome": 525749000, "symbol": "JWN", "weightedAverageShsOut": 589733461, "period": "FY", "link": "https://www.sec.gov/Archives/edgar/data/72333/000095013407006483/0000950134-07-006483-index.htm", "date": "2007-02-03", "netIncomeRatio": 0.19983587390493915, "grossProfitRatio": 0.38264946193399685, "interestExpense": 7805000.0, "eps": 2.6, "epsdiluted": 2.6, "depreciationAndAmortization": 78704000, "costOfRevenue": 1624190000, "operatingIncomeRatio": 0.1223279146635529, "operatingIncome": 321833000}, {"finalLink": "https://www.sec.gov/Archives/edgar/data/72333/000095012406007316/v25551e10vq.htm", "sellingAndMarketingExpenses": 0.0, "revenue": 1872103000, "researchAndDevelopmentExpenses": 0.0, "acceptedDate": "2006-12-05 15:49:23", "fillingDate": "2006-12-05", "weightedAverageShsOutDil": 592681176, "costAndExpenses": 621913000, "ebitda": 240954000, "ebitdaratio": 0.12870766191817437, "incomeBeforeTaxRatio": 0.11813986730430964, "incomeTaxExpense": -85497000, "totalOtherIncomeExpensesNet": 58819000, "grossProfit": 711980000, "otherExpenses": 0.0, "incomeBeforeTax": 221170000, "operatingExpenses": -538210000, "generalAndAdministrativeExpenses": -538210000, "netIncome": 306667000, "symbol": "JWN", "weightedAverageShsOut": 592681176, "period": "Q3", "link": "https://www.sec.gov/Archives/edgar/data/72333/000095012406007316/0000950124-06-007316-index.htm", "date": "2006-10-28", "netIncomeRatio": 0.16380882889456402, "grossProfitRatio": 0.3803102713899823, "interestExpense": 11419000, "eps": 1.7, "epsdiluted": 1.7, "depreciationAndAmortization": 67184000, "costOfRevenue": 1160123000, "operatingIncomeRatio": 0.0928207475763887, "operatingIncome": 173770000}, {"finalLink": "https://www.sec.gov/Archives/edgar/data/72333/000095012406001459/v18665e10vk.htm", "sellingAndMarketingExpenses": 0.0, "revenue": 4057691000, "researchAndDevelopmentExpenses": 0.0, "acceptedDate": "2006-08-31 14:36:27", "fillingDate": "2006-08-31", "weightedAverageShsOutDil": 599052136, "costAndExpenses": 1495864000, "ebitda": 276587000, "ebitdaratio": 0.06816364282051048, "incomeBeforeTaxRatio": 0.12456295957479266, "incomeTaxExpense": -195453000, "totalOtherIncomeExpensesNet": 114689000, "grossProfit": 1488055000, "otherExpenses": 0.0, "incomeBeforeTax": 505438000, "operatingExpenses": -1073772000, "generalAndAdministrativeExpenses": -1073772000, "netIncome": 700891000, "symbol": "JWN", "weightedAverageShsOut": 599052136, "period": "Q2", "link": "https://www.sec.gov/Archives/edgar/data/72333/000095012406004960/0000950124-06-004960-index.htm", "date": "2006-07-29", "netIncomeRatio": 0.17273148694664034, "grossProfitRatio": 0.3667245731624217, "interestExpense": 23534000, "eps": 1.17, "epsdiluted": 1.17, "depreciationAndAmortization": -137696000, "costOfRevenue": 2569636000, "operatingIncomeRatio": 0.10209821299847623, "operatingIncome": 414283000}, {"finalLink": "https://www.sec.gov/Archives/edgar/data/72333/000089102005000104/v07697e10vk.htm", "sellingAndMarketingExpenses": 0.0, "revenue": 591472000, "researchAndDevelopmentExpenses": 0.0, "acceptedDate": "2006-03-24 15:06:06", "fillingDate": "2006-03-24", "weightedAverageShsOutDil": 600547290, "costAndExpenses": 248202000, "ebitda": 193963000, "ebitdaratio": 0.32793268320393865, "incomeBeforeTaxRatio": 0.40229123272107553, "incomeTaxExpense": -80055000, "totalOtherIncomeExpensesNet": 23412000, "grossProfit": 262837000, "otherExpenses": 0.0, "incomeBeforeTax": 237944000, "operatingExpenses": -80433000, "generalAndAdministrativeExpenses": -80433000, "netIncome": 317999000, "symbol": "JWN", "weightedAverageShsOut": 600547290, "period": "FY", "link": "https://www.sec.gov/Archives/edgar/data/72333/000095012406001459/0000950124-06-001459-index.htm", "date": "2006-01-28", "netIncomeRatio": 0.5376399897205616, "grossProfitRatio": 0.4443777558362864, "interestExpense": -32128000, "eps": 2.03, "epsdiluted": 2.03, "depreciationAndAmortization": 11559000, "costOfRevenue": 328635000, "operatingIncomeRatio": 0.3083899153298888, "operatingIncome": 182404000}, {"finalLink": "https://www.sec.gov/Archives/edgar/data/72333/000089102005000104/v07697e10vk.htm", "sellingAndMarketingExpenses": 0.0, "revenue": 639715000, "researchAndDevelopmentExpenses": 0.0, "acceptedDate": "2005-04-08 17:32:46", "fillingDate": "2005-04-08", "weightedAverageShsOutDil": 319543262, "costAndExpenses": 268915000, "ebitda": 231850000, "ebitdaratio": 0.36242701828157853, "incomeBeforeTaxRatio": 0.38945467903675857, "incomeTaxExpense": -253831000, "totalOtherIncomeExpensesNet": 17852000, "grossProfit": 294282000, "otherExpenses": 0.0, "incomeBeforeTax": 249140000, "operatingExpenses": -76518000, "generalAndAdministrativeExpenses": -76518000, "netIncome": 502971000, "symbol": "JWN", "weightedAverageShsOut": 319543262, "period": "FY", "link": "https://www.sec.gov/Archives/edgar/data/72333/000089102005000104/0000891020-05-000104-index.htm", "date": "2005-01-29", "netIncomeRatio": 0.7862423110291301, "grossProfitRatio": 0.46002047786905104, "interestExpense": -13524000, "eps": 2.82, "epsdiluted": 2.82, "depreciationAndAmortization": 14086000, "costOfRevenue": 345433000, "operatingIncomeRatio": 0.3404078378652994, "operatingIncome": 217764000}]