[{"finalLink": "https://www.sec.gov/Archives/edgar/data/1108524/000110852420000014/crm-20200131.htm", "sellingAndMarketingExpenses": 2390000000, "revenue": 4575000000, "researchAndDevelopmentExpenses": 859000000, "acceptedDate": "2020-06-01 16:17:39", "fillingDate": "2020-06-01", "weightedAverageShsOutDil": 913000000, "costAndExpenses": 4717000000, "ebitda": 765000000, "ebitdaratio": 0.167213114754, "incomeBeforeTaxRatio": 0.0102732240437, "incomeTaxExpense": -52000000, "totalOtherIncomeExpensesNet": 0.0, "grossProfit": 3609000000, "otherExpenses": 0.0, "incomeBeforeTax": 47000000, "operatingExpenses": 3751000000, "generalAndAdministrativeExpenses": 502000000, "netIncome": 99000000, "symbol": "CRM", "weightedAverageShsOut": 896000000, "period": "Q1", "link": "https://www.sec.gov/Archives/edgar/data/1108524/000110852420000029/0001108524-20-000029-index.htm", "date": "2020-04-30", "netIncomeRatio": 0.0216393442623, "grossProfitRatio": 0.7888524590163934, "interestExpense": 0.0, "eps": 0.11, "epsdiluted": 0.11, "depreciationAndAmortization": 905000000, "costOfRevenue": 966000000, "operatingIncomeRatio": -0.0306010928962, "operatingIncome": -140000000}, {"finalLink": "https://www.sec.gov/Archives/edgar/data/1108524/000110852420000014/crm-20200131.htm", "sellingAndMarketingExpenses": 2346000000, "revenue": 4563000000, "researchAndDevelopmentExpenses": 831000000, "acceptedDate": "2020-03-05 16:29:57", "fillingDate": "2020-03-05", "weightedAverageShsOutDil": 850000000, "costAndExpenses": 4590000000, "ebitda": 850000000, "ebitdaratio": 0.186280955512, "incomeBeforeTaxRatio": -0.000876616261232, "incomeTaxExpense": 244000000, "totalOtherIncomeExpensesNet": 0.0, "grossProfit": 3640000000, "otherExpenses": 0.0, "incomeBeforeTax": -4000000.0, "operatingExpenses": 3667000000, "generalAndAdministrativeExpenses": 490000000, "netIncome": -248000000, "symbol": "CRM", "weightedAverageShsOut": 829000000, "period": "FY", "link": "https://www.sec.gov/Archives/edgar/data/1108524/000110852420000014/0001108524-20-000014-index.htm", "date": "2020-01-31", "netIncomeRatio": -0.0543502081964, "grossProfitRatio": 0.7977207977207977, "interestExpense": 0.0, "eps": -0.31, "epsdiluted": -0.3, "depreciationAndAmortization": 886000000, "costOfRevenue": 923000000, "operatingIncomeRatio": -0.00788954635108, "operatingIncome": -36000000}, {"finalLink": "https://www.sec.gov/Archives/edgar/data/1108524/000110852419000076/crm-20191031.htm", "sellingAndMarketingExpenses": 2063000000, "revenue": 3746000000, "researchAndDevelopmentExpenses": 774000000, "acceptedDate": "2019-12-04 16:20:21", "fillingDate": "2019-12-04", "weightedAverageShsOutDil": 829000000, "costAndExpenses": 3708000000, "ebitda": 894000000, "ebitdaratio": 0.238654564869, "incomeBeforeTaxRatio": 0.0170848905499, "incomeTaxExpense": 173000000, "totalOtherIncomeExpensesNet": 12000000, "grossProfit": 3352000000, "otherExpenses": 0.0, "incomeBeforeTax": 64000000, "operatingExpenses": 3314000000, "generalAndAdministrativeExpenses": 477000000, "netIncome": -483000000, "symbol": "CRM", "weightedAverageShsOut": 809000000, "period": "Q3", "link": "https://www.sec.gov/Archives/edgar/data/1108524/000110852419000076/0001108524-19-000076-index.htm", "date": "2019-10-31", "netIncomeRatio": -0.10702415244848217, "grossProfitRatio": 0.8948211425520555, "interestExpense": 0.0, "eps": -0.16, "epsdiluted": -0.16, "depreciationAndAmortization": 829000000, "costOfRevenue": 394000000, "operatingIncomeRatio": 0.0173518419648, "operatingIncome": 65000000}, {"finalLink": "https://www.sec.gov/Archives/edgar/data/1108524/000110852419000052/crmq2fy2010-q.htm", "sellingAndMarketingExpenses": 1824000000, "revenue": 3997000000, "researchAndDevelopmentExpenses": 607000000, "acceptedDate": "2019-08-23 16:38:05", "fillingDate": "2019-08-23", "weightedAverageShsOutDil": 795000000, "costAndExpenses": 3939000000, "ebitda": 732000000, "ebitdaratio": 0.183137353015, "incomeBeforeTaxRatio": 0.0410307730798, "incomeTaxExpense": 73000000, "totalOtherIncomeExpensesNet": -12000000, "grossProfit": 3030000000, "otherExpenses": 166000000, "incomeBeforeTax": 164000000, "operatingExpenses": 2972000000, "generalAndAdministrativeExpenses": 375000000, "netIncome": 91000000, "symbol": "CRM", "weightedAverageShsOut": 774000000, "period": "Q2", "link": "https://www.sec.gov/Archives/edgar/data/1108524/000110852419000052/0001108524-19-000052-index.htm", "date": "2019-07-31", "netIncomeRatio": 0.0227670753065, "grossProfitRatio": 0.7580685514135602, "interestExpense": 0.0, "eps": 0.11, "epsdiluted": 0.12, "depreciationAndAmortization": 674000000, "costOfRevenue": 967000000, "operatingIncomeRatio": 0.0145108831624, "operatingIncome": 58000000}, {"finalLink": "https://www.sec.gov/Archives/edgar/data/1108524/000110852419000009/crmq4fy1910-k.htm", "sellingAndMarketingExpenses": 1697000000, "revenue": 3737000000, "researchAndDevelopmentExpenses": 554000000, "acceptedDate": "2019-06-05 16:17:30", "fillingDate": "2019-06-05", "weightedAverageShsOutDil": 793000000, "costAndExpenses": 3527000000, "ebitda": 856000000, "ebitdaratio": 0.229060743912, "incomeBeforeTaxRatio": 0.128980465614129, "incomeTaxExpense": 90000000, "totalOtherIncomeExpensesNet": 0.0, "grossProfit": 2823000000, "otherExpenses": -9000000.0, "incomeBeforeTax": 482000000, "operatingExpenses": 2613000000, "generalAndAdministrativeExpenses": 362000000, "netIncome": 392000000, "symbol": "CRM", "weightedAverageShsOut": 771000000, "period": "Q1", "link": "https://www.sec.gov/Archives/edgar/data/1108524/000110852419000025/0001108524-19-000025-index.htm", "date": "2019-04-30", "netIncomeRatio": 0.104896976184, "grossProfitRatio": 0.7554187851217554, "interestExpense": 0.0, "eps": 0.51, "epsdiluted": 0.49, "depreciationAndAmortization": 646000000, "costOfRevenue": 914000000, "operatingIncomeRatio": 0.0561948086701, "operatingIncome": 210000000}, {"finalLink": "https://www.sec.gov/Archives/edgar/data/1108524/000110852419000009/crmq4fy1910-k.htm", "sellingAndMarketingExpenses": 1643000000, "revenue": 3603000000, "researchAndDevelopmentExpenses": 518000000, "acceptedDate": "2019-03-08 08:04:49", "fillingDate": "2019-03-08", "weightedAverageShsOutDil": 775000000, "costAndExpenses": 3466000000, "ebitda": 588000000, "ebitdaratio": 0.163197335554, "incomeBeforeTaxRatio": 0.0663336108798, "incomeTaxExpense": 123000000, "totalOtherIncomeExpensesNet": 2000000.0, "grossProfit": 2657000000, "otherExpenses": 3000000.0, "incomeBeforeTax": 239000000, "operatingExpenses": 2520000000, "generalAndAdministrativeExpenses": 359000000, "netIncome": 362000000, "symbol": "CRM", "weightedAverageShsOut": 751000000, "period": "FY", "link": "https://www.sec.gov/Archives/edgar/data/1108524/000110852419000009/0001108524-19-000009-index.htm", "date": "2019-01-31", "netIncomeRatio": 0.100471829031, "grossProfitRatio": 0.7374410213710797, "interestExpense": 41000000, "eps": 0.48, "epsdiluted": 0.46, "depreciationAndAmortization": 451000000, "costOfRevenue": 946000000, "operatingIncomeRatio": 0.0380238689981, "operatingIncome": 137000000}, {"finalLink": "https://www.sec.gov/Archives/edgar/data/1108524/000110852418000087/crmq3fy1910-q.htm", "sellingAndMarketingExpenses": 1588000000, "revenue": 3392000000, "researchAndDevelopmentExpenses": 481000000, "acceptedDate": "2018-11-28 16:36:12", "fillingDate": "2018-11-28", "weightedAverageShsOutDil": 772000000, "costAndExpenses": 3300000000, "ebitda": 539000000, "ebitdaratio": 0.158903301887, "incomeBeforeTaxRatio": 0.0377358490566, "incomeTaxExpense": 23000000, "totalOtherIncomeExpensesNet": 0.0, "grossProfit": 2503000000, "otherExpenses": 0.0, "incomeBeforeTax": 128000000, "operatingExpenses": 2411000000, "generalAndAdministrativeExpenses": 342000000, "netIncome": 105000000, "symbol": "CRM", "weightedAverageShsOut": 746000000, "period": "Q3", "link": "https://www.sec.gov/Archives/edgar/data/1108524/000110852418000087/0001108524-18-000087-index.htm", "date": "2018-10-31", "netIncomeRatio": 0.0309551886792, "grossProfitRatio": 0.7379127358490566, "interestExpense": 40000000, "eps": 0.13, "epsdiluted": 0.13, "depreciationAndAmortization": 447000000, "costOfRevenue": 889000000, "operatingIncomeRatio": 0.0271226415094, "operatingIncome": 92000000}, {"finalLink": "https://www.sec.gov/Archives/edgar/data/1108524/000110852418000057/crmq2fy1910-q.htm", "sellingAndMarketingExpenses": 1504000000, "revenue": 3281000000, "researchAndDevelopmentExpenses": 463000000, "acceptedDate": "2018-08-31 16:29:15", "fillingDate": "2018-08-31", "weightedAverageShsOutDil": 763000000, "costAndExpenses": 3166000000, "ebitda": 551000000, "ebitdaratio": 0.167936604694, "incomeBeforeTaxRatio": 0.0704053642182, "incomeTaxExpense": 68000000, "totalOtherIncomeExpensesNet": 0.0, "grossProfit": 2432000000, "otherExpenses": 0.0, "incomeBeforeTax": 231000000, "operatingExpenses": 2317000000, "generalAndAdministrativeExpenses": 350000000, "netIncome": 299000000, "symbol": "CRM", "weightedAverageShsOut": 737000000, "period": "Q2", "link": "https://www.sec.gov/Archives/edgar/data/1108524/000110852418000057/0001108524-18-000057-index.htm", "date": "2018-07-31", "netIncomeRatio": 0.0911307528193, "grossProfitRatio": 0.7412374276135325, "interestExpense": 39000000, "eps": 0.4, "epsdiluted": 0.38, "depreciationAndAmortization": 436000000, "costOfRevenue": 849000000, "operatingIncomeRatio": 0.0350502895459, "operatingIncome": 115000000}, {"finalLink": "https://www.sec.gov/Archives/edgar/data/1108524/000110852418000011/crmq4fy1810-k.htm", "sellingAndMarketingExpenses": 1329000000, "revenue": 3006000000, "researchAndDevelopmentExpenses": 424000000, "acceptedDate": "2018-05-31 16:19:40", "fillingDate": "2018-05-31", "weightedAverageShsOutDil": 754000000, "costAndExpenses": 2815000000, "ebitda": 576000000, "ebitdaratio": 0.191616766467, "incomeBeforeTaxRatio": 0.128077178975, "incomeTaxExpense": 41000000, "totalOtherIncomeExpensesNet": 1000000.0, "grossProfit": 2239000000, "otherExpenses": 0.0, "incomeBeforeTax": 385000000, "operatingExpenses": 2048000000, "generalAndAdministrativeExpenses": 295000000, "netIncome": 344000000, "symbol": "CRM", "weightedAverageShsOut": 729000000, "period": "Q1", "link": "https://www.sec.gov/Archives/edgar/data/1108524/000110852418000035/0001108524-18-000035-index.htm", "date": "2018-04-30", "netIncomeRatio": 0.114437791084, "grossProfitRatio": 0.7448436460412509, "interestExpense": 34000000, "eps": 0.47, "epsdiluted": 0.46, "depreciationAndAmortization": 385000000, "costOfRevenue": 767000000, "operatingIncomeRatio": 0.0635395874917, "operatingIncome": 191000000}, {"finalLink": "https://www.sec.gov/Archives/edgar/data/1108524/000110852418000011/crmq4fy1810-k.htm", "sellingAndMarketingExpenses": 1364305000, "revenue": 2851003000, "researchAndDevelopmentExpenses": 396547000, "acceptedDate": "2018-03-09 17:01:46", "fillingDate": "2018-03-09", "weightedAverageShsOutDil": 734598000, "costAndExpenses": 2773134000, "ebitda": 406535000, "ebitdaratio": 0.142593676682, "incomeBeforeTaxRatio": 0.0309424437645, "incomeTaxExpense": 20662000, "totalOtherIncomeExpensesNet": 20130000, "grossProfit": 2113211000, "otherExpenses": 20130000, "incomeBeforeTax": 88217000, "operatingExpenses": 2035342000, "generalAndAdministrativeExpenses": 274490000, "netIncome": 67555000, "symbol": "CRM", "weightedAverageShsOut": 714919000, "period": "FY", "link": "https://www.sec.gov/Archives/edgar/data/1108524/000110852418000011/0001108524-18-000011-index.htm", "date": "2018-01-31", "netIncomeRatio": 0.023695169735, "grossProfitRatio": 0.7412166876008198, "interestExpense": 21561000, "eps": 0.1, "epsdiluted": 0.09, "depreciationAndAmortization": 328666000, "costOfRevenue": 737792000, "operatingIncomeRatio": 0.027312843936, "operatingIncome": 77869000}, {"finalLink": "https://www.sec.gov/Archives/edgar/data/1108524/000110852417000040/crmq3fy1810-q.htm", "sellingAndMarketingExpenses": 1184733000, "revenue": 2679841000, "researchAndDevelopmentExpenses": 393998000, "acceptedDate": "2017-11-22 16:19:37", "fillingDate": "2017-11-22", "weightedAverageShsOutDil": 730212000, "costAndExpenses": 2563853000, "ebitda": 429006000, "ebitdaratio": 0.160086363333, "incomeBeforeTaxRatio": 0.0397042212579, "incomeTaxExpense": 55007000, "totalOtherIncomeExpensesNet": 1921000.0, "grossProfit": 1965333000, "otherExpenses": 1921000.0, "incomeBeforeTax": 106401000, "operatingExpenses": 1849345000, "generalAndAdministrativeExpenses": 270614000, "netIncome": 51394000, "symbol": "CRM", "weightedAverageShsOut": 711884000, "period": "Q3", "link": "https://www.sec.gov/Archives/edgar/data/1108524/000110852417000040/0001108524-17-000040-index.htm", "date": "2017-10-31", "netIncomeRatio": 0.0191780034711, "grossProfitRatio": 0.7333767189919104, "interestExpense": 21557000, "eps": 0.07, "epsdiluted": 0.07, "depreciationAndAmortization": 313018000, "costOfRevenue": 714508000, "operatingIncomeRatio": 0.0432816723082, "operatingIncome": 115988000}, {"finalLink": "https://www.sec.gov/Archives/edgar/data/1108524/000110852417000020/crmq2fy1810-q.htm", "sellingAndMarketingExpenses": 1170749000, "revenue": 2561589000, "researchAndDevelopmentExpenses": 386447000, "acceptedDate": "2017-08-25 16:19:47", "fillingDate": "2017-08-25", "weightedAverageShsOutDil": 726222000, "costAndExpenses": 2510796000, "ebitda": 358671000, "ebitdaratio": 0.140018949176, "incomeBeforeTaxRatio": 0.0118883240051, "incomeTaxExpense": 12717000, "totalOtherIncomeExpensesNet": -7465000.0, "grossProfit": 1890922000, "otherExpenses": -7465000.0, "incomeBeforeTax": 30453000, "operatingExpenses": 1840129000, "generalAndAdministrativeExpenses": 282933000, "netIncome": 17736000, "symbol": "CRM", "weightedAverageShsOut": 709157000, "period": "Q2", "link": "https://www.sec.gov/Archives/edgar/data/1108524/000110852417000020/0001108524-17-000020-index.htm", "date": "2017-07-31", "netIncomeRatio": 0.00692382735872, "grossProfitRatio": 0.738183213622482, "interestExpense": 21629000, "eps": 0.02, "epsdiluted": 0.02, "depreciationAndAmortization": 307878000, "costOfRevenue": 670667000, "operatingIncomeRatio": 0.0198287078841, "operatingIncome": 50793000}, {"finalLink": "https://www.sec.gov/Archives/edgar/data/1108524/000110852417000006/crm-2017131x10k.htm", "sellingAndMarketingExpenses": 1109504000, "revenue": 2387579000, "researchAndDevelopmentExpenses": 376081000, "acceptedDate": "2017-05-22 16:06:44", "fillingDate": "2017-05-22", "weightedAverageShsOutDil": 706174000, "costAndExpenses": 2396461000, "ebitda": 290085000, "ebitdaratio": 0.121497550448, "incomeBeforeTaxRatio": -0.009617692231335592, "incomeTaxExpense": -13756000, "totalOtherIncomeExpensesNet": 2849000.0, "grossProfit": 1737024000, "otherExpenses": 2849000.0, "incomeBeforeTax": -22963000, "operatingExpenses": 1745906000, "generalAndAdministrativeExpenses": 260321000, "netIncome": -9207000.0, "symbol": "CRM", "weightedAverageShsOut": 706174000, "period": "Q1", "link": "https://www.sec.gov/Archives/edgar/data/1108524/000110852417000012/0001108524-17-000012-index.htm", "date": "2017-04-30", "netIncomeRatio": -0.0038562074804645206, "grossProfitRatio": 0.7275252462850443, "interestExpense": 22196000, "eps": -0.01, "epsdiluted": -0.01, "depreciationAndAmortization": 298967000, "costOfRevenue": 650555000, "operatingIncomeRatio": -0.003720086330127715, "operatingIncome": -8882000.0}, {"finalLink": "https://www.sec.gov/Archives/edgar/data/1108524/000110852417000006/crm-2017131x10k.htm", "sellingAndMarketingExpenses": 1089243000, "revenue": 2293988000, "researchAndDevelopmentExpenses": 344192000, "acceptedDate": "2017-03-06 16:38:50", "fillingDate": "2017-03-06", "weightedAverageShsOutDil": 700217000, "costAndExpenses": 2317333000, "ebitda": 267642000, "ebitdaratio": 0.116671054949, "incomeBeforeTaxRatio": -0.01023065508625154, "incomeTaxExpense": 27971000, "totalOtherIncomeExpensesNet": 20572000, "grossProfit": 1668031000, "otherExpenses": 20572000, "incomeBeforeTax": -23469000, "operatingExpenses": 1691376000, "generalAndAdministrativeExpenses": 257941000, "netIncome": -51440000, "symbol": "CRM", "weightedAverageShsOut": 687797000, "period": "FY", "link": "https://www.sec.gov/Archives/edgar/data/1108524/000110852417000006/0001108524-17-000006-index.htm", "date": "2017-01-31", "netIncomeRatio": -0.022423831336519633, "grossProfitRatio": 0.7271315281509755, "interestExpense": 24323000, "eps": -0.08, "epsdiluted": -0.07, "depreciationAndAmortization": 290987000, "costOfRevenue": 625957000, "operatingIncomeRatio": -0.010176600749437225, "operatingIncome": -23345000}, {"finalLink": "https://www.sec.gov/Archives/edgar/data/1108524/000110852416000128/crmq3fy1710-q.htm", "sellingAndMarketingExpenses": 997993000, "revenue": 2144775000, "researchAndDevelopmentExpenses": 311459000, "acceptedDate": "2016-11-21 17:18:34", "fillingDate": "2016-11-21", "weightedAverageShsOutDil": 696257000, "costAndExpenses": 2141739000, "ebitda": 272893000, "ebitdaratio": 0.127236190276, "incomeBeforeTaxRatio": -0.005868214614586612, "incomeTaxExpense": 24723000, "totalOtherIncomeExpensesNet": 1782000.0, "grossProfit": 1559253000, "otherExpenses": 1782000.0, "incomeBeforeTax": -12586000, "operatingExpenses": 1556217000, "generalAndAdministrativeExpenses": 246765000, "netIncome": -37309000, "symbol": "CRM", "weightedAverageShsOut": 683075000, "period": "Q3", "link": "https://www.sec.gov/Archives/edgar/data/1108524/000110852416000128/0001108524-16-000128-index.htm", "date": "2016-10-31", "netIncomeRatio": -0.01739529787506848, "grossProfitRatio": 0.7270007343427632, "interestExpense": 21946000, "eps": -0.06, "epsdiluted": -0.06, "depreciationAndAmortization": 269857000, "costOfRevenue": 585522000, "operatingIncomeRatio": 0.00141553309788, "operatingIncome": 3036000.0}, {"finalLink": "https://www.sec.gov/Archives/edgar/data/1108524/000110852416000085/crmq2fy1710-q.htm", "sellingAndMarketingExpenses": 934931000, "revenue": 2036618000, "researchAndDevelopmentExpenses": 291506000, "acceptedDate": "2016-08-31 18:25:50", "fillingDate": "2016-09-01", "weightedAverageShsOutDil": 691714000, "costAndExpenses": 2004067000, "ebitda": 277563000, "ebitdaratio": 0.136286235318, "incomeBeforeTaxRatio": 0.0119231981648, "incomeTaxExpense": 205339000, "totalOtherIncomeExpensesNet": -13282000, "grossProfit": 1511039000, "otherExpenses": 524000.0, "incomeBeforeTax": 24283000, "operatingExpenses": 1478488000, "generalAndAdministrativeExpenses": 252051000, "netIncome": 229622000, "symbol": "CRM", "weightedAverageShsOut": 678929000, "period": "Q2", "link": "https://www.sec.gov/Archives/edgar/data/1108524/000110852416000085/0001108524-16-000085-index.htm", "date": "2016-07-31", "netIncomeRatio": 0.112746720298, "grossProfitRatio": 0.7419354046757909, "interestExpense": 20708000, "eps": 0.34, "epsdiluted": 0.33, "depreciationAndAmortization": 245012000, "costOfRevenue": 525579000, "operatingIncomeRatio": 0.0159828696398, "operatingIncome": 32551000}, {"finalLink": "https://www.sec.gov/Archives/edgar/data/1108524/000110852416000053/crm-2016131x10k.htm", "sellingAndMarketingExpenses": 895860000, "revenue": 1916603000, "researchAndDevelopmentExpenses": 260970000, "acceptedDate": "2016-05-20 16:56:10", "fillingDate": "2016-05-20", "weightedAverageShsOutDil": 686799000, "costAndExpenses": 1864617000, "ebitda": 280457000, "ebitdaratio": 0.146330252014, "incomeBeforeTaxRatio": 0.019385861339, "incomeTaxExpense": 1604000.0, "totalOtherIncomeExpensesNet": 0.0, "grossProfit": 1419622000, "otherExpenses": -13806000, "incomeBeforeTax": 37155000, "operatingExpenses": 1367636000, "generalAndAdministrativeExpenses": 210806000, "netIncome": 38759000, "symbol": "CRM", "weightedAverageShsOut": 677514000, "period": "Q1", "link": "https://www.sec.gov/Archives/edgar/data/1108524/000110852416000066/0001108524-16-000066-index.htm", "date": "2016-04-30", "netIncomeRatio": 0.0202227587038, "grossProfitRatio": 0.7406969518465744, "interestExpense": 22011000, "eps": 0.06, "epsdiluted": 0.06, "depreciationAndAmortization": 228471000, "costOfRevenue": 496981000, "operatingIncomeRatio": 0.0271240314243, "operatingIncome": 51986000}, {"finalLink": "https://www.sec.gov/Archives/edgar/data/1108524/000110852416000053/crm-2016131x10k.htm", "sellingAndMarketingExpenses": 890375000, "revenue": 1809398000, "researchAndDevelopmentExpenses": 250860000, "acceptedDate": "2016-03-04 17:53:06", "fillingDate": "2016-03-07", "weightedAverageShsOutDil": 661647000, "costAndExpenses": 1788838000, "ebitda": 245955000, "ebitdaratio": 0.135931950848, "incomeBeforeTaxRatio": 0.009640900203326296, "incomeTaxExpense": 21366000, "totalOtherIncomeExpensesNet": 0.0, "grossProfit": 1365719000, "otherExpenses": -15292000, "incomeBeforeTax": 64277000, "operatingExpenses": 1345159000, "generalAndAdministrativeExpenses": 203924000, "netIncome": -47430000, "symbol": "CRM", "weightedAverageShsOut": 661647000, "period": "FY", "link": "https://www.sec.gov/Archives/edgar/data/1108524/000110852416000053/0001108524-16-000053-index.htm", "date": "2016-01-31", "netIncomeRatio": -0.007114020515017288, "grossProfitRatio": 0.7547919252701727, "interestExpense": 19465000, "eps": -0.04, "epsdiluted": -0.04, "depreciationAndAmortization": 225395000, "costOfRevenue": 443679000, "operatingIncomeRatio": 0.0113628952834, "operatingIncome": 20560000}, {"finalLink": "https://www.sec.gov/Archives/edgar/data/1108524/000110852415000034/crmq3fy1610-q.htm", "sellingAndMarketingExpenses": 818820000, "revenue": 1711967000, "researchAndDevelopmentExpenses": 239212000, "acceptedDate": "2015-11-20 17:06:41", "fillingDate": "2015-11-20", "weightedAverageShsOutDil": 659160000, "costAndExpenses": 1668533000, "ebitda": 263742000, "ebitdaratio": 0.154057876116, "incomeBeforeTaxRatio": 0.0253456988365, "incomeTaxExpense": 68548000, "totalOtherIncomeExpensesNet": 0.0, "grossProfit": 1288284000, "otherExpenses": 0.0, "incomeBeforeTax": 43391000, "operatingExpenses": 1244850000, "generalAndAdministrativeExpenses": 186818000, "netIncome": 4000.0, "symbol": "CRM", "weightedAverageShsOut": 659160000, "period": "Q3", "link": "https://www.sec.gov/Archives/edgar/data/1108524/000110852415000034/0001108524-15-000034-index.htm", "date": "2015-10-31", "netIncomeRatio": 0.04, "grossProfitRatio": 0.7525168417381877, "interestExpense": 18249000, "eps": -0.03, "epsdiluted": -0.03, "depreciationAndAmortization": 220308000, "costOfRevenue": 423683000, "operatingIncomeRatio": 0.0253708161431, "operatingIncome": 43434000}, {"finalLink": "https://www.sec.gov/Archives/edgar/data/1108524/000110852415000025/crmq2fy1610-q.htm", "sellingAndMarketingExpenses": 793691000, "revenue": 1634684000, "researchAndDevelopmentExpenses": 234100000, "acceptedDate": "2015-08-24 21:22:07", "fillingDate": "2015-08-25", "weightedAverageShsOutDil": 672231000, "costAndExpenses": 1614860000, "ebitda": 235469000, "ebitdaratio": 0.144045577004, "incomeBeforeTaxRatio": 0.00425648015152, "incomeTaxExpense": 7810000.0, "totalOtherIncomeExpensesNet": 1029000.0, "grossProfit": 1229300000, "otherExpenses": 1947000.0, "incomeBeforeTax": 6958000.0, "operatingExpenses": 1209476000, "generalAndAdministrativeExpenses": 181685000, "netIncome": -852000.0, "symbol": "CRM", "weightedAverageShsOut": 656636000, "period": "Q2", "link": "https://www.sec.gov/Archives/edgar/data/1108524/000110852415000025/0001108524-15-000025-index.htm", "date": "2015-07-31", "netIncomeRatio": -0.0005212016512059824, "grossProfitRatio": 0.7520107861825283, "interestExpense": 18096000, "eps": -0.01, "epsdiluted": -0.01, "depreciationAndAmortization": 215645000, "costOfRevenue": 405384000, "operatingIncomeRatio": 0.0121271144759, "operatingIncome": 19824000}, {"finalLink": "https://www.sec.gov/Archives/edgar/data/1108524/000110852415000008/crm-2015131x10k.htm", "sellingAndMarketingExpenses": 736938000, "revenue": 1511167000, "researchAndDevelopmentExpenses": 222128000, "acceptedDate": "2015-05-22 17:13:44", "fillingDate": "2015-05-22", "weightedAverageShsOutDil": 664310000, "costAndExpenses": 1516679000, "ebitda": 242048000, "ebitdaratio": 0.160172899488, "incomeBeforeTaxRatio": 0.0119596311989, "incomeTaxExpense": 13981000, "totalOtherIncomeExpensesNet": 0.0, "grossProfit": 1129365000, "otherExpenses": -918000.0, "incomeBeforeTax": 18073000, "operatingExpenses": 1134877000, "generalAndAdministrativeExpenses": 175811000, "netIncome": 4092000.0, "symbol": "CRM", "weightedAverageShsOut": 653809000, "period": "Q1", "link": "https://www.sec.gov/Archives/edgar/data/1108524/000110852415000014/0001108524-15-000014-index.htm", "date": "2015-04-30", "netIncomeRatio": 0.00270784102617, "grossProfitRatio": 0.7473462562377289, "interestExpense": 16675000, "eps": 0.01, "epsdiluted": 0.01, "depreciationAndAmortization": 210943000, "costOfRevenue": 381802000, "operatingIncomeRatio": 0.0205834298923, "operatingIncome": 31105000}, {"finalLink": "https://www.sec.gov/Archives/edgar/data/1108524/000110852415000008/crm-2015131x10k.htm", "sellingAndMarketingExpenses": 736140000, "revenue": 1444608000, "researchAndDevelopmentExpenses": 205990000, "acceptedDate": "2015-03-05 18:19:38", "fillingDate": "2015-03-06", "weightedAverageShsOutDil": 624148000, "costAndExpenses": 1479424000, "ebitda": 162698000, "ebitdaratio": 0.112624324384, "incomeBeforeTaxRatio": -0.03703288366117313, "incomeTaxExpense": 12267000, "totalOtherIncomeExpensesNet": 0.0, "grossProfit": 1088685000, "otherExpenses": -2040834000, "incomeBeforeTax": -53498000, "operatingExpenses": 1123501000, "generalAndAdministrativeExpenses": 181371000, "netIncome": 33441000, "symbol": "CRM", "weightedAverageShsOut": 624148000, "period": "FY", "link": "https://www.sec.gov/Archives/edgar/data/1108524/000110852415000008/0001108524-15-000008-index.htm", "date": "2015-01-31", "netIncomeRatio": 0.023148840377458797, "grossProfitRatio": 0.7536196670653907, "interestExpense": 16882000, "eps": -0.1, "epsdiluted": -0.1, "depreciationAndAmortization": 197514000, "costOfRevenue": 355923000, "operatingIncomeRatio": -0.02410065567960305, "operatingIncome": -34816000}, {"finalLink": "https://www.sec.gov/Archives/edgar/data/1108524/000110852414000023/crm-20141031x10q.htm", "sellingAndMarketingExpenses": 709643000, "revenue": 1383655000, "researchAndDevelopmentExpenses": 195460000, "acceptedDate": "2014-11-25 18:27:42", "fillingDate": "2014-11-26", "weightedAverageShsOutDil": 619748000, "costAndExpenses": 1405697000, "ebitda": 164703000, "ebitdaratio": 0.119034730478, "incomeBeforeTaxRatio": -0.015790785997954693, "incomeTaxExpense": 17075000, "totalOtherIncomeExpensesNet": 0.0, "grossProfit": 1050444000, "otherExpenses": 2035679000, "incomeBeforeTax": -21849000, "operatingExpenses": 1072486000, "generalAndAdministrativeExpenses": 167383000, "netIncome": -38924000, "symbol": "CRM", "weightedAverageShsOut": 619748000, "period": "Q3", "link": "https://www.sec.gov/Archives/edgar/data/1108524/000110852414000023/0001108524-14-000023-index.htm", "date": "2014-10-31", "netIncomeRatio": -0.028131289953059108, "grossProfitRatio": 0.7591805760829109, "interestExpense": 17682000, "eps": -0.06, "epsdiluted": -0.06, "depreciationAndAmortization": 186745000, "costOfRevenue": 333211000, "operatingIncomeRatio": -0.015930271635631713, "operatingIncome": -22042000}, {"finalLink": "https://www.sec.gov/Archives/edgar/data/1108524/000110852414000009/crm-2014731x10q.htm", "sellingAndMarketingExpenses": 671958000, "revenue": 1318551000, "researchAndDevelopmentExpenses": 203109000, "acceptedDate": "2014-08-26 17:03:45", "fillingDate": "2014-08-26", "weightedAverageShsOutDil": 614797000, "costAndExpenses": 1351985000, "ebitda": 145411000, "ebitdaratio": 0.110280906844, "incomeBeforeTaxRatio": -0.040172128343916924, "incomeTaxExpense": 8119000.0, "totalOtherIncomeExpensesNet": 0.0, "grossProfit": 1010720000, "otherExpenses": -3876000.0, "incomeBeforeTax": -52969000, "operatingExpenses": 1044154000, "generalAndAdministrativeExpenses": 169087000, "netIncome": -61088000, "symbol": "CRM", "weightedAverageShsOut": 614797000, "period": "Q2", "link": "https://www.sec.gov/Archives/edgar/data/1108524/000110852414000009/0001108524-14-000009-index.htm", "date": "2014-07-31", "netIncomeRatio": -0.04632964519385295, "grossProfitRatio": 0.766538419826006, "interestExpense": 18314000, "eps": -0.1, "epsdiluted": -0.1, "depreciationAndAmortization": 178845000, "costOfRevenue": 307831000, "operatingIncomeRatio": -0.025356622534888677, "operatingIncome": -33434000}, {"finalLink": "https://www.sec.gov/Archives/edgar/data/1108524/000119312514084762/d648028d10k.htm", "sellingAndMarketingExpenses": 639355000, "revenue": 1226772000, "researchAndDevelopmentExpenses": 188358000, "acceptedDate": "2014-05-29 21:40:13", "fillingDate": "2014-05-30", "weightedAverageShsOutDil": 612512000, "costAndExpenses": 1282113000, "ebitda": 127113000, "ebitdaratio": 0.103615830815, "incomeBeforeTaxRatio": -0.0690992295226823, "incomeTaxExpense": 12142000, "totalOtherIncomeExpensesNet": 0.0, "grossProfit": 934467000, "otherExpenses": -10847000, "incomeBeforeTax": -84769000, "operatingExpenses": 989808000, "generalAndAdministrativeExpenses": 162095000, "netIncome": -96911000, "symbol": "CRM", "weightedAverageShsOut": 612512000, "period": "Q1", "link": "https://www.sec.gov/Archives/edgar/data/1108524/000144530514002370/0001445305-14-002370-index.htm", "date": "2014-04-30", "netIncomeRatio": -0.07899674919218894, "grossProfitRatio": 0.7617283407185688, "interestExpense": 20359000, "eps": -0.16, "epsdiluted": -0.16, "depreciationAndAmortization": 182454000, "costOfRevenue": 292305000, "operatingIncomeRatio": -0.045111071984036154, "operatingIncome": -55341000}, {"finalLink": "https://www.sec.gov/Archives/edgar/data/1108524/000119312514084762/d648028d10k.htm", "sellingAndMarketingExpenses": 639792000, "revenue": 1145242000, "researchAndDevelopmentExpenses": 173090000, "acceptedDate": "2014-03-05 17:19:50", "fillingDate": "2014-03-05", "weightedAverageShsOutDil": 597613000, "costAndExpenses": 1248988000, "ebitda": 79345000, "ebitdaratio": 0.0692823001601, "incomeBeforeTaxRatio": -0.10752923836184841, "incomeTaxExpense": 6524000.0, "totalOtherIncomeExpensesNet": 0.0, "grossProfit": 871712000, "otherExpenses": 1975000.0, "incomeBeforeTax": -123147000, "operatingExpenses": 975458000, "generalAndAdministrativeExpenses": 162576000, "netIncome": -368143000, "symbol": "CRM", "weightedAverageShsOut": 597613000, "period": "FY", "link": "https://www.sec.gov/Archives/edgar/data/1108524/000119312514084762/0001193125-14-084762-index.htm", "date": "2014-01-31", "netIncomeRatio": -0.32145433017650415, "grossProfitRatio": 0.7611596501001535, "interestExpense": 22743000, "eps": -0.2, "epsdiluted": -0.2, "depreciationAndAmortization": 183091000, "costOfRevenue": 273530000, "operatingIncomeRatio": -0.0905887140010583, "operatingIncome": -103746000}, {"finalLink": "https://www.sec.gov/Archives/edgar/data/1108524/000119312513453124/d596888d10q.htm", "sellingAndMarketingExpenses": 581229000, "revenue": 1076034000, "researchAndDevelopmentExpenses": 170690000, "acceptedDate": "2013-11-25 17:08:28", "fillingDate": "2013-11-25", "weightedAverageShsOutDil": 594346000, "costAndExpenses": 1173965000, "ebitda": 77767000, "ebitdaratio": 0.0722718798848, "incomeBeforeTaxRatio": -0.11527609722369367, "incomeTaxExpense": 393000.0, "totalOtherIncomeExpensesNet": 2552000.0, "grossProfit": 807847000, "otherExpenses": -4291000.0, "incomeBeforeTax": -124041000, "operatingExpenses": 905778000, "generalAndAdministrativeExpenses": 153859000, "netIncome": -124434000, "symbol": "CRM", "weightedAverageShsOut": 594346000, "period": "Q3", "link": "https://www.sec.gov/Archives/edgar/data/1108524/000119312513453124/0001193125-13-453124-index.htm", "date": "2013-10-31", "netIncomeRatio": -0.1156413273186535, "grossProfitRatio": 0.7507634517124924, "interestExpense": 22929000, "eps": -0.21, "epsdiluted": -0.2, "depreciationAndAmortization": 175698000, "costOfRevenue": 268187000, "operatingIncomeRatio": -0.09101106470613382, "operatingIncome": -97931000}, {"finalLink": "https://www.sec.gov/Archives/edgar/data/1108524/000119312513354101/d548588d10q.htm", "sellingAndMarketingExpenses": 480621000, "revenue": 957094000, "researchAndDevelopmentExpenses": 148079000, "acceptedDate": "2013-08-30 17:02:28", "fillingDate": "2013-08-30", "weightedAverageShsOutDil": 623865000, "costAndExpenses": 996951000, "ebitda": 97492000, "ebitdaratio": 0.101862512982, "incomeBeforeTaxRatio": -0.05935049221915507, "incomeTaxExpense": 13778000, "totalOtherIncomeExpensesNet": -2552000.0, "grossProfit": 739377000, "otherExpenses": -1678000.0, "incomeBeforeTax": -56804000, "operatingExpenses": 779234000, "generalAndAdministrativeExpenses": 150534000, "netIncome": 76603000, "symbol": "CRM", "weightedAverageShsOut": 591210000, "period": "Q2", "link": "https://www.sec.gov/Archives/edgar/data/1108524/000119312513354101/0001193125-13-354101-index.htm", "date": "2013-07-31", "netIncomeRatio": 0.080037070549, "grossProfitRatio": 0.7725228660925677, "interestExpense": 19656000, "eps": 0.14, "epsdiluted": 0.13, "depreciationAndAmortization": 137349000, "costOfRevenue": 217717000, "operatingIncomeRatio": -0.04164376748783296, "operatingIncome": -39857000}, {"finalLink": "https://www.sec.gov/Archives/edgar/data/1108524/000119312513098852/d466584d10k.htm", "sellingAndMarketingExpenses": 466490000, "revenue": 892633000, "researchAndDevelopmentExpenses": 131939000, "acceptedDate": "2013-05-24 16:05:38", "fillingDate": "2013-05-24", "weightedAverageShsOutDil": 588385000, "costAndExpenses": 937173000, "ebitda": 73094000, "ebitdaratio": 0.0818858366204, "incomeBeforeTaxRatio": -0.060431330681254225, "incomeTaxExpense": 13778000, "totalOtherIncomeExpensesNet": 0.0, "grossProfit": 683639000, "otherExpenses": -874000.0, "incomeBeforeTax": -53943000, "operatingExpenses": 728179000, "generalAndAdministrativeExpenses": 129750000, "netIncome": -67721000, "symbol": "CRM", "weightedAverageShsOut": 588385000, "period": "Q1", "link": "https://www.sec.gov/Archives/edgar/data/1108524/000119312513235664/0001193125-13-235664-index.htm", "date": "2013-04-30", "netIncomeRatio": -0.07586656554261381, "grossProfitRatio": 0.7658679434885334, "interestExpense": 11883000, "eps": -0.12, "epsdiluted": -0.12, "depreciationAndAmortization": 117634000, "costOfRevenue": 208994000, "operatingIncomeRatio": -0.04989732622477547, "operatingIncome": -44540000}, {"finalLink": "https://www.sec.gov/Archives/edgar/data/1108524/000119312513098852/d466584d10k.htm", "sellingAndMarketingExpenses": 435570000, "revenue": 834681000, "researchAndDevelopmentExpenses": 121187000, "acceptedDate": "2013-03-08 17:07:01", "fillingDate": "2013-03-08", "weightedAverageShsOutDil": 141224000, "costAndExpenses": 855488000, "ebitda": 86882000, "ebitdaratio": 0.104090065546, "incomeBeforeTaxRatio": 0.0131882719266, "incomeTaxExpense": -142644000, "totalOtherIncomeExpensesNet": 0.0, "grossProfit": 651319000, "otherExpenses": -5698000.0, "incomeBeforeTax": 11008000, "operatingExpenses": 672126000, "generalAndAdministrativeExpenses": 115369000, "netIncome": 14868000, "symbol": "CRM", "weightedAverageShsOut": 141224000, "period": "FY", "link": "https://www.sec.gov/Archives/edgar/data/1108524/000119312513098852/0001193125-13-098852-index.htm", "date": "2013-01-31", "netIncomeRatio": 0.004874602266486782, "grossProfitRatio": 0.7803208650969652, "interestExpense": 8355000.0, "eps": -0.14, "epsdiluted": -0.14, "depreciationAndAmortization": 107689000, "costOfRevenue": 183362000, "operatingIncomeRatio": -0.036295918651714124, "operatingIncome": -110706000}, {"finalLink": "https://www.sec.gov/Archives/edgar/data/1108524/000119312512483959/d434718d10q.htm", "sellingAndMarketingExpenses": 428507000, "revenue": 788398000, "researchAndDevelopmentExpenses": 114074000, "acceptedDate": "2012-11-28 16:55:47", "fillingDate": "2012-11-28", "weightedAverageShsOutDil": 139959000, "costAndExpenses": 842586000, "ebitda": 51313000, "ebitdaratio": 0.0650851473494, "incomeBeforeTaxRatio": -0.04, "incomeTaxExpense": 157446000, "totalOtherIncomeExpensesNet": 0.0, "grossProfit": 602150000, "otherExpenses": 0.0, "incomeBeforeTax": -4000.0, "operatingExpenses": 656338000, "generalAndAdministrativeExpenses": 113757000, "netIncome": -11000.0, "symbol": "CRM", "weightedAverageShsOut": 139959000, "period": "Q3", "link": "https://www.sec.gov/Archives/edgar/data/1108524/000119312512483959/0001193125-12-483959-index.htm", "date": "2012-10-31", "netIncomeRatio": -0.11, "grossProfitRatio": 0.7637639872247266, "interestExpense": 8190000.0, "eps": -1.57, "epsdiluted": -1.57, "depreciationAndAmortization": 105501000, "costOfRevenue": 186248000, "operatingIncomeRatio": -0.04, "operatingIncome": -4000.0}, {"finalLink": "https://www.sec.gov/Archives/edgar/data/1108524/000119312512377656/d378216d10q.htm", "sellingAndMarketingExpenses": 380160000, "revenue": 731649000, "researchAndDevelopmentExpenses": 99442000, "acceptedDate": "2012-08-31 17:01:27", "fillingDate": "2012-08-31", "weightedAverageShsOutDil": 138789000, "costAndExpenses": 745115000, "ebitda": 78687000, "ebitdaratio": 0.107547471533, "incomeBeforeTaxRatio": -0.01917859520070416, "incomeTaxExpense": -5393000.0, "totalOtherIncomeExpensesNet": -416000.0, "grossProfit": 569231000, "otherExpenses": 294000.0, "incomeBeforeTax": -14032000, "operatingExpenses": 582697000, "generalAndAdministrativeExpenses": 103095000, "netIncome": -9829000.0, "symbol": "CRM", "weightedAverageShsOut": 138789000, "period": "Q2", "link": "https://www.sec.gov/Archives/edgar/data/1108524/000119312512377656/0001193125-12-377656-index.htm", "date": "2012-07-31", "netIncomeRatio": -0.013434037359444215, "grossProfitRatio": 0.7780110408132862, "interestExpense": 8033000.0, "eps": -0.07, "epsdiluted": -0.07, "depreciationAndAmortization": 92153000, "costOfRevenue": 162418000, "operatingIncomeRatio": -0.01840500021185022, "operatingIncome": -13466000}, {"finalLink": "https://www.sec.gov/Archives/edgar/data/1108524/000119312512107281/d279348d10k.htm", "sellingAndMarketingExpenses": 369789000, "revenue": 695467000, "researchAndDevelopmentExpenses": 94776000, "acceptedDate": "2012-05-25 15:39:38", "fillingDate": "2012-05-25", "weightedAverageShsOutDil": 138150000, "costAndExpenses": 717716000, "ebitda": 68107000, "ebitdaratio": 0.09792988021, "incomeBeforeTaxRatio": -0.03575726813781244, "incomeTaxExpense": 5393000.0, "totalOtherIncomeExpensesNet": 0.0, "grossProfit": 543916000, "otherExpenses": -710000.0, "incomeBeforeTax": -24868000, "operatingExpenses": 566165000, "generalAndAdministrativeExpenses": 101600000, "netIncome": -19475000, "symbol": "CRM", "weightedAverageShsOut": 138150000, "period": "Q1", "link": "https://www.sec.gov/Archives/edgar/data/1108524/000119312512249119/0001193125-12-249119-index.htm", "date": "2012-04-30", "netIncomeRatio": -0.0280027664864041, "grossProfitRatio": 0.7820874318982785, "interestExpense": 6370000.0, "eps": -0.14, "epsdiluted": -0.14, "depreciationAndAmortization": 90356000, "costOfRevenue": 151551000, "operatingIncomeRatio": -0.031991453224955314, "operatingIncome": -22249000}, {"finalLink": "https://www.sec.gov/Archives/edgar/data/1108524/000119312512107281/d279348d10k.htm", "sellingAndMarketingExpenses": 327567000, "revenue": 631913000, "researchAndDevelopmentExpenses": 80613000, "acceptedDate": "2012-03-09 17:17:10", "fillingDate": "2012-03-09", "weightedAverageShsOutDil": 135302000, "costAndExpenses": 638290000, "ebitda": 74143000, "ebitdaratio": 0.117331024999, "incomeBeforeTaxRatio": -0.011924109806254975, "incomeTaxExpense": 3457000.0, "totalOtherIncomeExpensesNet": -454000.0, "grossProfit": 495568000, "otherExpenses": -454000.0, "incomeBeforeTax": -7535000.0, "operatingExpenses": 501945000, "generalAndAdministrativeExpenses": 93765000, "netIncome": -10992000, "symbol": "CRM", "weightedAverageShsOut": 135302000, "period": "FY", "link": "https://www.sec.gov/Archives/edgar/data/1108524/000119312512107281/0001193125-12-107281-index.htm", "date": "2012-01-31", "netIncomeRatio": -0.017394799600577927, "grossProfitRatio": 0.784234538615284, "interestExpense": 5669000.0, "eps": -0.03, "epsdiluted": -0.03, "depreciationAndAmortization": 80520000, "costOfRevenue": 136345000, "operatingIncomeRatio": -0.010091579062307628, "operatingIncome": -6377000.0}, {"finalLink": "https://www.sec.gov/Archives/edgar/data/1108524/000119312511324675/d238283d10q.htm", "sellingAndMarketingExpenses": 304571000, "revenue": 584260000, "researchAndDevelopmentExpenses": 76049000, "acceptedDate": "2011-11-29 17:10:32", "fillingDate": "2011-11-29", "weightedAverageShsOutDil": 134824000, "costAndExpenses": 594417000, "ebitda": 60396000, "ebitdaratio": 0.103371786533, "incomeBeforeTaxRatio": -0.01514736589874371, "incomeTaxExpense": 5094000.0, "totalOtherIncomeExpensesNet": -4001000.0, "grossProfit": 455695000, "otherExpenses": 30000.0, "incomeBeforeTax": -8850000.0, "operatingExpenses": 465852000, "generalAndAdministrativeExpenses": 85232000, "netIncome": -13944000, "symbol": "CRM", "weightedAverageShsOut": 134824000, "period": "Q3", "link": "https://www.sec.gov/Archives/edgar/data/1108524/000119312511324675/0001193125-11-324675-index.htm", "date": "2011-10-31", "netIncomeRatio": -0.023866087016054496, "grossProfitRatio": 0.7799524184438434, "interestExpense": 3859000.0, "eps": -0.03, "epsdiluted": -0.03, "depreciationAndAmortization": 70553000, "costOfRevenue": 128565000, "operatingIncomeRatio": -0.017384383664806765, "operatingIncome": -10157000}, {"finalLink": "https://www.sec.gov/Archives/edgar/data/1108524/000119312511241110/d10q.htm", "sellingAndMarketingExpenses": 283001000, "revenue": 546002000, "researchAndDevelopmentExpenses": 73393000, "acceptedDate": "2011-09-06 15:52:57", "fillingDate": "2011-09-06", "weightedAverageShsOutDil": 134273000, "costAndExpenses": 561750000, "ebitda": 51484000, "ebitdaratio": 0.0942926948986, "incomeBeforeTaxRatio": -0.016121630139412303, "incomeTaxExpense": 13194000, "totalOtherIncomeExpensesNet": 0.0, "grossProfit": 425092000, "otherExpenses": -4031000.0, "incomeBeforeTax": -16932000, "operatingExpenses": 440840000, "generalAndAdministrativeExpenses": 84446000, "netIncome": -30126000, "symbol": "CRM", "weightedAverageShsOut": 134273000, "period": "Q2", "link": "https://www.sec.gov/Archives/edgar/data/1108524/000119312511241110/0001193125-11-241110-index.htm", "date": "2011-07-31", "netIncomeRatio": -0.028684161917076244, "grossProfitRatio": 0.7785539247108985, "interestExpense": 3846000.0, "eps": -0.03, "epsdiluted": -0.03, "depreciationAndAmortization": 67232000, "costOfRevenue": 120910000, "operatingIncomeRatio": -0.01766219224463136, "operatingIncome": -18550000}, {"finalLink": "https://www.sec.gov/Archives/edgar/data/1108524/000119312511075314/d10k.htm", "sellingAndMarketingExpenses": 254471000, "revenue": 504364000, "researchAndDevelopmentExpenses": 65292000, "acceptedDate": "2011-05-26 16:45:57", "fillingDate": "2011-05-26", "weightedAverageShsOutDil": 141062000, "costAndExpenses": 507167000, "ebitda": 53720000, "ebitdaratio": 0.106510377426, "incomeBeforeTaxRatio": 0.00154848482445, "incomeTaxExpense": 251000.0, "totalOtherIncomeExpensesNet": 0.0, "grossProfit": 401298000, "otherExpenses": 0.0, "incomeBeforeTax": 781000.0, "operatingExpenses": 404101000, "generalAndAdministrativeExpenses": 84338000, "netIncome": 530000.0, "symbol": "CRM", "weightedAverageShsOut": 133454000, "period": "Q1", "link": "https://www.sec.gov/Archives/edgar/data/1108524/000119312511151778/0001193125-11-151778-index.htm", "date": "2011-04-30", "netIncomeRatio": 0.00105082836999, "grossProfitRatio": 0.7956515532432925, "interestExpense": 3671000.0, "eps": 0.0, "epsdiluted": 0.0, "depreciationAndAmortization": 56523000, "costOfRevenue": 103066000, "operatingIncomeRatio": -0.01, "operatingIncome": -1000.0}, {"finalLink": "https://www.sec.gov/Archives/edgar/data/1108524/000119312511075314/d10k.htm", "sellingAndMarketingExpenses": 233217000, "revenue": 456867000, "researchAndDevelopmentExpenses": 57530000, "acceptedDate": "2011-03-23 17:01:37", "fillingDate": "2011-03-23", "weightedAverageShsOutDil": 136598000, "costAndExpenses": 457258000, "ebitda": 47934000, "ebitdaratio": 0.104918937021, "incomeBeforeTaxRatio": 0.00958484635572, "incomeTaxExpense": 6491000.0, "totalOtherIncomeExpensesNet": -6025000.0, "grossProfit": 364556000, "otherExpenses": -1366000.0, "incomeBeforeTax": 4379000.0, "operatingExpenses": 364947000, "generalAndAdministrativeExpenses": 74200000, "netIncome": 10913000, "symbol": "CRM", "weightedAverageShsOut": 130222000, "period": "FY", "link": "https://www.sec.gov/Archives/edgar/data/1108524/000119312511075314/0001193125-11-075314-index.htm", "date": "2011-01-31", "netIncomeRatio": 0.0238866015711, "grossProfitRatio": 0.7979477616023919, "interestExpense": 3290000.0, "eps": 0.09, "epsdiluted": 0.07, "depreciationAndAmortization": 48325000, "costOfRevenue": 92311000, "operatingIncomeRatio": -0.0002742633643767663, "operatingIncome": -391000.0}, {"finalLink": "https://www.sec.gov/Archives/edgar/data/1108524/000119312510268895/d10q.htm", "sellingAndMarketingExpenses": 200544000, "revenue": 429087000, "researchAndDevelopmentExpenses": 47305000, "acceptedDate": "2010-11-24 17:02:26", "fillingDate": "2010-11-24", "weightedAverageShsOutDil": 135007000, "costAndExpenses": 393931000, "ebitda": 81480000, "ebitdaratio": 0.189891560453, "incomeBeforeTaxRatio": 0.0898652254671, "incomeTaxExpense": 16192000, "totalOtherIncomeExpensesNet": 0.0, "grossProfit": 346956000, "otherExpenses": -4659000.0, "incomeBeforeTax": 38560000, "operatingExpenses": 311800000, "generalAndAdministrativeExpenses": 63951000, "netIncome": 21072000, "symbol": "CRM", "weightedAverageShsOut": 129461000, "period": "Q3", "link": "https://www.sec.gov/Archives/edgar/data/1108524/000119312510268895/0001193125-10-268895-index.htm", "date": "2010-10-31", "netIncomeRatio": 0.0491089219669, "grossProfitRatio": 0.8085912647085556, "interestExpense": 7374000.0, "eps": 0.16, "epsdiluted": 0.16, "depreciationAndAmortization": 46324000, "costOfRevenue": 82131000, "operatingIncomeRatio": 0.0819321023475, "operatingIncome": 35156000}, {"finalLink": "https://www.sec.gov/Archives/edgar/data/1108524/000119312510207193/d10q.htm", "sellingAndMarketingExpenses": 182401000, "revenue": 394372000, "researchAndDevelopmentExpenses": 42930000, "acceptedDate": "2010-09-09 10:33:11", "fillingDate": "2010-09-09", "weightedAverageShsOutDil": 133437000, "costAndExpenses": 364690000, "ebitda": 71114000, "ebitdaratio": 0.180322132403, "incomeBeforeTaxRatio": 0.0747187934235, "incomeTaxExpense": 12884000, "totalOtherIncomeExpensesNet": 1973000.0, "grossProfit": 316582000, "otherExpenses": -1765000.0, "incomeBeforeTax": 29467000, "operatingExpenses": 286900000, "generalAndAdministrativeExpenses": 61569000, "netIncome": 14744000, "symbol": "CRM", "weightedAverageShsOut": 128747000, "period": "Q2", "link": "https://www.sec.gov/Archives/edgar/data/1108524/000119312510207193/0001193125-10-207193-index.htm", "date": "2010-07-31", "netIncomeRatio": 0.03738602132, "grossProfitRatio": 0.8027496881117321, "interestExpense": 7185000.0, "eps": 0.11, "epsdiluted": 0.11, "depreciationAndAmortization": 41432000, "costOfRevenue": 77790000, "operatingIncomeRatio": 0.0752639639731, "operatingIncome": 29682000}, {"finalLink": "https://www.sec.gov/Archives/edgar/data/1108524/000119312510053838/d10k.htm", "sellingAndMarketingExpenses": 175867000, "revenue": 376813000, "researchAndDevelopmentExpenses": 40122000, "acceptedDate": "2010-05-28 15:43:29", "fillingDate": "2010-05-28", "weightedAverageShsOutDil": 132251000, "costAndExpenses": 343763000, "ebitda": 72495000, "ebitdaratio": 0.192389859161, "incomeBeforeTaxRatio": 0.0846361457805, "incomeTaxExpense": 12016000, "totalOtherIncomeExpensesNet": -1973000.0, "grossProfit": 305232000, "otherExpenses": -1973000.0, "incomeBeforeTax": 31892000, "operatingExpenses": 272182000, "generalAndAdministrativeExpenses": 56193000, "netIncome": 17745000, "symbol": "CRM", "weightedAverageShsOut": 128032000, "period": "Q1", "link": "https://www.sec.gov/Archives/edgar/data/1108524/000095013010001306/0000950130-10-001306-index.htm", "date": "2010-04-30", "netIncomeRatio": 0.0470923243094, "grossProfitRatio": 0.8100357471743278, "interestExpense": 7060000.0, "eps": 0.14, "epsdiluted": 0.13, "depreciationAndAmortization": 39445000, "costOfRevenue": 71581000, "operatingIncomeRatio": 0.0877092881615, "operatingIncome": 33050000}, {"finalLink": "https://www.sec.gov/Archives/edgar/data/1108524/000119312510053838/d10k.htm", "sellingAndMarketingExpenses": 605199000, "revenue": 1291081827, "researchAndDevelopmentExpenses": 131897000, "acceptedDate": "2010-03-11 15:32:20", "fillingDate": "2010-03-11", "weightedAverageShsOutDil": 128114000, "costAndExpenses": 1170237373, "ebitda": 232673570, "ebitdaratio": 0.1802159748, "incomeBeforeTaxRatio": 0.110014670666, "incomeTaxExpense": 57563536, "totalOtherIncomeExpensesNet": -262000.0, "grossProfit": 1038916487, "otherExpenses": -262000.0, "incomeBeforeTax": 142037942, "operatingExpenses": 918072033, "generalAndAdministrativeExpenses": 186942917, "netIncome": 80501406, "symbol": "CRM", "weightedAverageShsOut": 124462000, "period": "FY", "link": "https://www.sec.gov/Archives/edgar/data/1108524/000119312510053838/0001193125-10-053838-index.htm", "date": "2010-01-31", "netIncomeRatio": 0.0623519007986, "grossProfitRatio": 0.804686786904948, "interestExpense": 2000000.0, "eps": 0.63, "epsdiluted": 0.61, "depreciationAndAmortization": 117588776, "costOfRevenue": 252165340, "operatingIncomeRatio": 0.0891382649754, "operatingIncome": 115084794}, {"finalLink": "https://www.sec.gov/Archives/edgar/data/1108524/000119312509242413/d10q.htm", "sellingAndMarketingExpenses": 152166000, "revenue": 330549000, "researchAndDevelopmentExpenses": 32763000, "acceptedDate": "2009-11-25 15:34:43", "fillingDate": "2009-11-25", "weightedAverageShsOutDil": 128114000, "costAndExpenses": 300408000, "ebitda": 43742000, "ebitdaratio": 0.1323313638825106, "incomeBeforeTaxRatio": 0.11198339731779555, "incomeTaxExpense": -15573000, "totalOtherIncomeExpensesNet": -1037000.0, "grossProfit": 264979000, "otherExpenses": -336000.0, "incomeBeforeTax": 37016000, "operatingExpenses": 234838000, "generalAndAdministrativeExpenses": 49909000, "netIncome": 52589000, "symbol": "CRM", "weightedAverageShsOut": 124462000, "period": "Q3", "link": "https://www.sec.gov/Archives/edgar/data/1108524/000119312509242413/0001193125-09-242413-index.htm", "date": "2009-10-31", "netIncomeRatio": 0.159095928288998, "grossProfitRatio": 0.8016330407897165, "interestExpense": 0.0, "eps": 0.0, "epsdiluted": 0.0, "depreciationAndAmortization": 13601000, "costOfRevenue": 65570000, "operatingIncomeRatio": 0.0911846655110135, "operatingIncome": 30141000}, {"finalLink": "https://www.sec.gov/Archives/edgar/data/1108524/000119312509180950/d10q.htm", "sellingAndMarketingExpenses": 146214000, "revenue": 316061000, "researchAndDevelopmentExpenses": 31103000, "acceptedDate": "2009-08-25 13:09:38", "fillingDate": "2009-08-25", "weightedAverageShsOutDil": 128114000, "costAndExpenses": 286572000, "ebitda": 41633000, "ebitdaratio": 0.13172457215537506, "incomeBeforeTaxRatio": 0.1134939141494838, "incomeTaxExpense": -14030000, "totalOtherIncomeExpensesNet": -371000.0, "grossProfit": 253565000, "otherExpenses": -1072000.0, "incomeBeforeTax": 35871000, "operatingExpenses": 224076000, "generalAndAdministrativeExpenses": 46759000, "netIncome": 49901000, "symbol": "CRM", "weightedAverageShsOut": 124462000, "period": "Q2", "link": "https://www.sec.gov/Archives/edgar/data/1108524/000119312509180950/0001193125-09-180950-index.htm", "date": "2009-07-31", "netIncomeRatio": 0.1578840793391149, "grossProfitRatio": 0.8022660182686253, "interestExpense": 0.0, "eps": 0.0, "epsdiluted": 0.0, "depreciationAndAmortization": 12144000, "costOfRevenue": 62496000, "operatingIncomeRatio": 0.09330160949943207, "operatingIncome": 29489000}, {"finalLink": "https://www.sec.gov/Archives/edgar/data/1108524/000119312509048665/d10k.htm", "sellingAndMarketingExpenses": 138267000, "revenue": 304924000, "researchAndDevelopmentExpenses": 31584000, "acceptedDate": "2009-05-27 17:12:59", "fillingDate": "2009-05-27", "weightedAverageShsOutDil": 0.0, "costAndExpenses": 274801000, "ebitda": 42268000, "ebitdaratio": 0.1386181474728129, "incomeBeforeTaxRatio": 0.11417927090028991, "incomeTaxExpense": -15823000, "totalOtherIncomeExpensesNet": 371000.0, "grossProfit": 243124000, "otherExpenses": 371000.0, "incomeBeforeTax": 34816000, "operatingExpenses": 213001000, "generalAndAdministrativeExpenses": 43150000, "netIncome": 50639000, "symbol": "CRM", "weightedAverageShsOut": 0.0, "period": "Q1", "link": "https://www.sec.gov/Archives/edgar/data/1108524/000119312509119430/0001193125-09-119430-index.htm", "date": "2009-04-30", "netIncomeRatio": 0.16607088979549003, "grossProfitRatio": 0.7973265469428448, "interestExpense": 0.0, "eps": 0.0, "epsdiluted": 0.0, "depreciationAndAmortization": 12145000, "costOfRevenue": 61800000, "operatingIncomeRatio": 0.09878855058965513, "operatingIncome": 30123000}, {"finalLink": "https://www.sec.gov/Archives/edgar/data/1108524/000119312509048665/d10k.htm", "sellingAndMarketingExpenses": 144483000, "revenue": 289583000, "researchAndDevelopmentExpenses": 29460000, "acceptedDate": "2009-03-09 17:24:17", "fillingDate": "2009-03-09", "weightedAverageShsOutDil": 125173000, "costAndExpenses": 273493000, "ebitda": 27123000, "ebitdaratio": 0.09366226608606168, "incomeBeforeTaxRatio": 0.0750700144690814, "incomeTaxExpense": -7864000.0, "totalOtherIncomeExpensesNet": 252000.0, "grossProfit": 230849000, "otherExpenses": 252000.0, "incomeBeforeTax": 21739000, "operatingExpenses": 214759000, "generalAndAdministrativeExpenses": 40816000, "netIncome": 13753000, "symbol": "CRM", "weightedAverageShsOut": 120759000, "period": "FY", "link": "https://www.sec.gov/Archives/edgar/data/1108524/000119312509048665/0001193125-09-048665-index.htm", "date": "2009-01-31", "netIncomeRatio": 0.04749242876826333, "grossProfitRatio": 0.7971773204918797, "interestExpense": 0.0, "eps": 0.0, "epsdiluted": 0.0, "depreciationAndAmortization": 11033000, "costOfRevenue": 58734000, "operatingIncomeRatio": 0.05556265388506922, "operatingIncome": 16090000}, {"finalLink": "https://www.sec.gov/Archives/edgar/data/1108524/000119312508243442/d10q.htm", "sellingAndMarketingExpenses": 136452000, "revenue": 276487000, "researchAndDevelopmentExpenses": 26270000, "acceptedDate": "2008-11-25 16:57:06", "fillingDate": "2008-11-25", "weightedAverageShsOutDil": 125173000, "costAndExpenses": 260354000, "ebitda": 24043000, "ebitdaratio": 0.08695888052602835, "incomeBeforeTaxRatio": 0.07416985247045974, "incomeTaxExpense": -8824000.0, "totalOtherIncomeExpensesNet": 534000.0, "grossProfit": 220139000, "otherExpenses": 534000.0, "incomeBeforeTax": 20507000, "operatingExpenses": 204006000, "generalAndAdministrativeExpenses": 41284000, "netIncome": 10124000, "symbol": "CRM", "weightedAverageShsOut": 120759000, "period": "Q3", "link": "https://www.sec.gov/Archives/edgar/data/1108524/000119312508243442/0001193125-08-243442-index.htm", "date": "2008-10-31", "netIncomeRatio": 0.036616549783534125, "grossProfitRatio": 0.7962001830104127, "interestExpense": 0.0, "eps": 0.25, "epsdiluted": 0.25, "depreciationAndAmortization": 7910000.0, "costOfRevenue": 56348000, "operatingIncomeRatio": 0.05834994050353181, "operatingIncome": 16133000}, {"finalLink": "https://www.sec.gov/Archives/edgar/data/1108524/000119312508183002/d10q.htm", "sellingAndMarketingExpenses": 130774000, "revenue": 263077000, "researchAndDevelopmentExpenses": 24033000, "acceptedDate": "2008-08-22 16:58:34", "fillingDate": "2008-08-22", "weightedAverageShsOutDil": 125091000, "costAndExpenses": 246979000, "ebitda": 24968000, "ebitdaratio": 0.09490757458842848, "incomeBeforeTaxRatio": 0.08349646681389859, "incomeTaxExpense": -10558000, "totalOtherIncomeExpensesNet": -840000.0, "grossProfit": 208986000, "otherExpenses": -840000.0, "incomeBeforeTax": 21966000, "operatingExpenses": 192888000, "generalAndAdministrativeExpenses": 38081000, "netIncome": 9996000.0, "symbol": "CRM", "weightedAverageShsOut": 120321000, "period": "Q2", "link": "https://www.sec.gov/Archives/edgar/data/1108524/000119312508183002/0001193125-08-183002-index.htm", "date": "2008-07-31", "netIncomeRatio": 0.03799648011798827, "grossProfitRatio": 0.7943909957921065, "interestExpense": 0.0, "eps": 0.16, "epsdiluted": 0.16, "depreciationAndAmortization": 8870000.0, "costOfRevenue": 54091000, "operatingIncomeRatio": 0.06119121017800872, "operatingIncome": 16098000}, {"finalLink": "https://www.sec.gov/Archives/edgar/data/1108524/000119312508043828/d10k.htm", "sellingAndMarketingExpenses": 122704000, "revenue": 247622000, "researchAndDevelopmentExpenses": 19767000, "acceptedDate": "2008-05-23 17:03:13", "fillingDate": "2008-05-23", "weightedAverageShsOutDil": 124414000, "costAndExpenses": 232201000, "ebitda": 23579000, "ebitdaratio": 0.09522174927914322, "incomeBeforeTaxRatio": 0.08634127823860561, "incomeTaxExpense": -10311000, "totalOtherIncomeExpensesNet": -763000.0, "grossProfit": 196324000, "otherExpenses": -763000.0, "incomeBeforeTax": 21380000, "operatingExpenses": 180903000, "generalAndAdministrativeExpenses": 38432000, "netIncome": 9555000.0, "symbol": "CRM", "weightedAverageShsOut": 119778000, "period": "Q1", "link": "https://www.sec.gov/Archives/edgar/data/1108524/000119312508121851/0001193125-08-121851-index.htm", "date": "2008-04-30", "netIncomeRatio": 0.03858703992375476, "grossProfitRatio": 0.7928374700147806, "interestExpense": 0.0, "eps": 0.08, "epsdiluted": 0.08, "depreciationAndAmortization": 8158000.0, "costOfRevenue": 51298000, "operatingIncomeRatio": 0.0622763728586313, "operatingIncome": 15421000}, {"finalLink": "https://www.sec.gov/Archives/edgar/data/1108524/000119312508043828/d10k.htm", "sellingAndMarketingExpenses": 106123000, "revenue": 216906000, "researchAndDevelopmentExpenses": 17703000, "acceptedDate": "2008-02-29 16:53:44", "fillingDate": "2008-02-29", "weightedAverageShsOutDil": 121429000, "costAndExpenses": 206176000, "ebitda": 17298000, "ebitdaratio": 0.07974883129097397, "incomeBeforeTaxRatio": 0.08044959567739021, "incomeTaxExpense": -8296000.0, "totalOtherIncomeExpensesNet": -595000.0, "grossProfit": 170175000, "otherExpenses": -734000.0, "incomeBeforeTax": 17450000, "operatingExpenses": 159445000, "generalAndAdministrativeExpenses": 35619000, "netIncome": 7379000.0, "symbol": "CRM", "weightedAverageShsOut": 116208000, "period": "FY", "link": "https://www.sec.gov/Archives/edgar/data/1108524/000119312508043828/0001193125-08-043828-index.htm", "date": "2008-01-31", "netIncomeRatio": 0.0340193447852987, "grossProfitRatio": 0.7845564438051507, "interestExpense": 2000.0, "eps": 0.0, "epsdiluted": 0.0, "depreciationAndAmortization": 6568000.0, "costOfRevenue": 46731000, "operatingIncomeRatio": 0.049468433330567156, "operatingIncome": 10730000}, {"finalLink": "https://www.sec.gov/Archives/edgar/data/1108524/000119312507250417/d10q.htm", "sellingAndMarketingExpenses": 96216000, "revenue": 192803000, "researchAndDevelopmentExpenses": 16892000, "acceptedDate": "2007-11-19 17:01:20", "fillingDate": "2007-11-19", "weightedAverageShsOutDil": 121429000, "costAndExpenses": 186685000, "ebitda": 12876000, "ebitdaratio": 0.06678319320757457, "incomeBeforeTaxRatio": 0.07381109215105575, "incomeTaxExpense": -6594000.0, "totalOtherIncomeExpensesNet": 285000.0, "grossProfit": 148522000, "otherExpenses": 285000.0, "incomeBeforeTax": 14231000, "operatingExpenses": 142404000, "generalAndAdministrativeExpenses": 29296000, "netIncome": 6512000.0, "symbol": "CRM", "weightedAverageShsOut": 116208000, "period": "Q3", "link": "https://www.sec.gov/Archives/edgar/data/1108524/000119312507250417/0001193125-07-250417-index.htm", "date": "2007-10-31", "netIncomeRatio": 0.03377540805900323, "grossProfitRatio": 0.77033033718355, "interestExpense": 1000.0, "eps": 0.09, "epsdiluted": 0.09, "depreciationAndAmortization": 6758000.0, "costOfRevenue": 44281000, "operatingIncomeRatio": 0.03173187139204266, "operatingIncome": 6118000.0}, {"finalLink": "https://www.sec.gov/Archives/edgar/data/1108524/000119312507185336/d10q.htm", "sellingAndMarketingExpenses": 90216000, "revenue": 176579000, "researchAndDevelopmentExpenses": 15096000, "acceptedDate": "2007-08-17 17:15:42", "fillingDate": "2007-08-17", "weightedAverageShsOutDil": 120993000, "costAndExpenses": 173232000, "ebitda": 9392000.0, "ebitdaratio": 0.05318865776791125, "incomeBeforeTaxRatio": 0.05233917963064691, "incomeTaxExpense": -4653000.0, "totalOtherIncomeExpensesNet": 280000.0, "grossProfit": 135167000, "otherExpenses": 280000.0, "incomeBeforeTax": 9242000.0, "operatingExpenses": 131820000, "generalAndAdministrativeExpenses": 26508000, "netIncome": 3735000.0, "symbol": "CRM", "weightedAverageShsOut": 115637000, "period": "Q2", "link": "https://www.sec.gov/Archives/edgar/data/1108524/000119312507185336/0001193125-07-185336-index.htm", "date": "2007-07-31", "netIncomeRatio": 0.02115200561788208, "grossProfitRatio": 0.7654760758640609, "interestExpense": 2000.0, "eps": 0.04, "epsdiluted": 0.04, "depreciationAndAmortization": 6045000.0, "costOfRevenue": 41412000, "operatingIncomeRatio": 0.01895468883615832, "operatingIncome": 3347000.0}, {"finalLink": "https://www.sec.gov/Archives/edgar/data/1108524/000119312507051045/d10k.htm", "sellingAndMarketingExpenses": 83925000, "revenue": 162412000, "researchAndDevelopmentExpenses": 14121000, "acceptedDate": "2007-05-18 17:10:03", "fillingDate": "2007-05-18", "weightedAverageShsOutDil": 120635000, "costAndExpenses": 162298000, "ebitda": 4962000.0, "ebitdaratio": 0.030551929660369924, "incomeBeforeTaxRatio": 0.03257148486565032, "incomeTaxExpense": -3842000.0, "totalOtherIncomeExpensesNet": 169000.0, "grossProfit": 123245000, "otherExpenses": 169000.0, "incomeBeforeTax": 5290000.0, "operatingExpenses": 123131000, "generalAndAdministrativeExpenses": 25085000, "netIncome": 730000.0, "symbol": "CRM", "weightedAverageShsOut": 114987000, "period": "Q1", "link": "https://www.sec.gov/Archives/edgar/data/1108524/000119312507118825/0001193125-07-118825-index.htm", "date": "2007-04-30", "netIncomeRatio": 0.004494741767849667, "grossProfitRatio": 0.7588417112036057, "interestExpense": 41000.0, "eps": 0.01, "epsdiluted": 0.01, "depreciationAndAmortization": 4848000.0, "costOfRevenue": 39167000, "operatingIncomeRatio": 0.0007019185774450163, "operatingIncome": 114000.0}, {"finalLink": "https://www.sec.gov/Archives/edgar/data/1108524/000119312507051045/d10k.htm", "sellingAndMarketingExpenses": 74582000, "revenue": 144222000, "researchAndDevelopmentExpenses": 13331000, "acceptedDate": "2007-03-09 17:16:13", "fillingDate": "2007-03-09", "weightedAverageShsOutDil": 111889000, "costAndExpenses": 146298000, "ebitda": 1661000.0, "ebitdaratio": 0.01151696689825408, "incomeBeforeTaxRatio": 0.026972306582906908, "incomeTaxExpense": -2659000.0, "totalOtherIncomeExpensesNet": 1463000.0, "grossProfit": 110383000, "otherExpenses": 153000.0, "incomeBeforeTax": 3890000.0, "operatingExpenses": 112459000, "generalAndAdministrativeExpenses": 24546000, "netIncome": 516000.0, "symbol": "CRM", "weightedAverageShsOut": 111889000, "period": "FY", "link": "https://www.sec.gov/Archives/edgar/data/1108524/000119312507051045/0001193125-07-051045-index.htm", "date": "2007-01-31", "netIncomeRatio": 0.0035778175313059034, "grossProfitRatio": 0.7653686677483325, "interestExpense": 12000.0, "eps": 0.0, "epsdiluted": 0.0, "depreciationAndAmortization": 3737000.0, "costOfRevenue": 33839000, "operatingIncomeRatio": -0.014394475184091192, "operatingIncome": -2076000.0}, {"finalLink": "https://www.sec.gov/Archives/edgar/data/1108524/000119312506238445/d10q.htm", "sellingAndMarketingExpenses": 66526000, "revenue": 130053000, "researchAndDevelopmentExpenses": 11450000, "acceptedDate": "2006-11-17 17:17:51", "fillingDate": "2006-11-17", "weightedAverageShsOutDil": 111889000, "costAndExpenses": 130176000, "ebitda": 3846000.0, "ebitdaratio": 0.029572558879841296, "incomeBeforeTaxRatio": 0.03320184847715931, "incomeTaxExpense": -3418000.0, "totalOtherIncomeExpensesNet": 309000.0, "grossProfit": 98693000, "otherExpenses": 309000.0, "incomeBeforeTax": 4318000.0, "operatingExpenses": 98816000, "generalAndAdministrativeExpenses": 20840000, "netIncome": 339000.0, "symbol": "CRM", "weightedAverageShsOut": 111889000, "period": "Q3", "link": "https://www.sec.gov/Archives/edgar/data/1108524/000119312506238445/0001193125-06-238445-index.htm", "date": "2006-10-31", "netIncomeRatio": 0.0026066296048534057, "grossProfitRatio": 0.7588675386188708, "interestExpense": 19000.0, "eps": -0.3128100170704895, "epsdiluted": -0.3128100170704895, "depreciationAndAmortization": 3969000.0, "costOfRevenue": 31360000, "operatingIncomeRatio": -0.000945768263707873, "operatingIncome": -123000.0}, {"finalLink": "https://www.sec.gov/Archives/edgar/data/1108524/000119312506176211/d10q.htm", "sellingAndMarketingExpenses": 111827000, "revenue": 118137000, "researchAndDevelopmentExpenses": 11008000, "acceptedDate": "2006-08-18 17:04:12", "fillingDate": "2006-08-18", "weightedAverageShsOutDil": 111397000, "costAndExpenses": 119416000, "ebitda": 1283000.0, "ebitdaratio": 0.010860272395608488, "incomeBeforeTaxRatio": 0.017166510068818405, "incomeTaxExpense": -1713000.0, "totalOtherIncomeExpensesNet": 137000.0, "grossProfit": 89006000, "otherExpenses": -52478000, "incomeBeforeTax": 2028000.0, "operatingExpenses": 90285000, "generalAndAdministrativeExpenses": 19466000, "netIncome": -145000.0, "symbol": "CRM", "weightedAverageShsOut": 111397000, "period": "Q2", "link": "https://www.sec.gov/Archives/edgar/data/1108524/000119312506176211/0001193125-06-176211-index.htm", "date": "2006-07-31", "netIncomeRatio": -0.0012273885404234068, "grossProfitRatio": 0.7534134098546603, "interestExpense": 151000.0, "eps": -3.3573615088377604, "epsdiluted": -3.3573615088377604, "depreciationAndAmortization": 2562000.0, "costOfRevenue": 29131000, "operatingIncomeRatio": -0.010826413401389911, "operatingIncome": -1279000.0}, {"finalLink": "https://www.sec.gov/Archives/edgar/data/1108524/000119312506055150/d10k.htm", "sellingAndMarketingExpenses": 0.0, "revenue": 104686000, "researchAndDevelopmentExpenses": 8825000.0, "acceptedDate": "2006-05-19 17:03:53", "fillingDate": "2006-05-19", "weightedAverageShsOutDil": 0.0, "costAndExpenses": 104806000, "ebitda": 2116000.0, "ebitdaratio": 0.020212826930057506, "incomeBeforeTaxRatio": 0.021588369027377107, "incomeTaxExpense": -2005000.0, "totalOtherIncomeExpensesNet": -599000.0, "grossProfit": 80126000, "otherExpenses": 52016000, "incomeBeforeTax": 2260000.0, "operatingExpenses": 80246000, "generalAndAdministrativeExpenses": 19405000, "netIncome": -229000.0, "symbol": "CRM", "weightedAverageShsOut": 0.0, "period": "Q1", "link": "https://www.sec.gov/Archives/edgar/data/1108524/000119312506116421/0001193125-06-116421-index.htm", "date": "2006-04-30", "netIncomeRatio": -0.002187494029765203, "grossProfitRatio": 0.7653936534016009, "interestExpense": 11000.0, "eps": 0.0, "epsdiluted": 0.0, "depreciationAndAmortization": 2236000.0, "costOfRevenue": 24560000, "operatingIncomeRatio": -0.0011462850810996694, "operatingIncome": -120000.0}, {"finalLink": "https://www.sec.gov/Archives/edgar/data/1108524/000119312506055150/d10k.htm", "sellingAndMarketingExpenses": 42503000, "revenue": 91064000, "researchAndDevelopmentExpenses": 6956000.0, "acceptedDate": "2006-03-15 17:09:23", "fillingDate": "2006-03-15", "weightedAverageShsOutDil": 0.0, "costAndExpenses": 85812000, "ebitda": 15296000, "ebitdaratio": 0.16796977949573927, "incomeBeforeTaxRatio": 0.08295264868663797, "incomeTaxExpense": -1330000.0, "totalOtherIncomeExpensesNet": -197000.0, "grossProfit": 69724000, "otherExpenses": -636000.0, "incomeBeforeTax": 7554000.0, "operatingExpenses": 64472000, "generalAndAdministrativeExpenses": 15013000, "netIncome": 5957000.0, "symbol": "CRM", "weightedAverageShsOut": 0.0, "period": "FY", "link": "https://www.sec.gov/Archives/edgar/data/1108524/000119312506055150/0001193125-06-055150-index.htm", "date": "2006-01-31", "netIncomeRatio": 0.06541553193358517, "grossProfitRatio": 0.765659316524642, "interestExpense": 13000.0, "eps": 0.0, "epsdiluted": 0.0, "depreciationAndAmortization": 1948000.0, "costOfRevenue": 21340000, "operatingIncomeRatio": 0.1465782306948959, "operatingIncome": 13348000}, {"finalLink": "https://www.sec.gov/Archives/edgar/data/1108524/000119312505229314/d10q.htm", "sellingAndMarketingExpenses": 37905000, "revenue": 82673000, "researchAndDevelopmentExpenses": 6602000.0, "acceptedDate": "2005-11-18 14:27:25", "fillingDate": "2005-11-18", "weightedAverageShsOutDil": 0.0, "costAndExpenses": 76286000, "ebitda": 7877000.0, "ebitdaratio": 0.09527899072248497, "incomeBeforeTaxRatio": 0.10084308057044017, "incomeTaxExpense": 179000.0, "totalOtherIncomeExpensesNet": -74000.0, "grossProfit": 63089000, "otherExpenses": 636000.0, "incomeBeforeTax": 8337000.0, "operatingExpenses": 56702000, "generalAndAdministrativeExpenses": 12195000, "netIncome": 13097000, "symbol": "CRM", "weightedAverageShsOut": 0.0, "period": "Q3", "link": "https://www.sec.gov/Archives/edgar/data/1108524/000119312505229314/0001193125-05-229314-index.htm", "date": "2005-10-31", "netIncomeRatio": 0.1584193146492809, "grossProfitRatio": 0.7631149226470553, "interestExpense": 12000.0, "eps": 0.0, "epsdiluted": 0.0, "depreciationAndAmortization": 1490000.0, "costOfRevenue": 19584000, "operatingIncomeRatio": 0.07725617795410836, "operatingIncome": 6387000.0}, {"finalLink": "https://www.sec.gov/Archives/edgar/data/1108524/000119312505171607/d10q.htm", "sellingAndMarketingExpenses": 34688000, "revenue": 71943000, "researchAndDevelopmentExpenses": 5470000.0, "acceptedDate": "2005-08-19 16:04:41", "fillingDate": "2005-08-19", "weightedAverageShsOutDil": 0.0, "costAndExpenses": 67750000, "ebitda": 5661000.0, "ebitdaratio": 0.07868729410783537, "incomeBeforeTaxRatio": 0.09107209874483967, "incomeTaxExpense": 1310000.0, "totalOtherIncomeExpensesNet": 666000.0, "grossProfit": 55706000, "otherExpenses": 0.0, "incomeBeforeTax": 6552000.0, "operatingExpenses": 51513000, "generalAndAdministrativeExpenses": 11355000, "netIncome": 5040000.0, "symbol": "CRM", "weightedAverageShsOut": 0.0, "period": "Q2", "link": "https://www.sec.gov/Archives/edgar/data/1108524/000119312505171607/0001193125-05-171607-index.htm", "date": "2005-07-31", "netIncomeRatio": 0.07005546057295359, "grossProfitRatio": 0.7743074378327287, "interestExpense": 31000.0, "eps": 0.0, "epsdiluted": 0.0, "depreciationAndAmortization": 1468000.0, "costOfRevenue": 16237000, "operatingIncomeRatio": 0.058282251226665555, "operatingIncome": 4193000.0}, {"finalLink": "https://www.sec.gov/Archives/edgar/data/1108524/000119312505061027/d10k.htm", "sellingAndMarketingExpenses": 34502000, "revenue": 64177000, "researchAndDevelopmentExpenses": 4302000.0, "acceptedDate": "2005-05-20 06:06:34", "fillingDate": "2005-05-20", "weightedAverageShsOutDil": 0.0, "costAndExpenses": 59907000, "ebitda": 5391000.0, "ebitdaratio": 0.08400205681163034, "incomeBeforeTaxRatio": 0.0896738707013416, "incomeTaxExpense": 1151000.0, "totalOtherIncomeExpensesNet": 44000.0, "grossProfit": 52212000, "otherExpenses": 0.0, "incomeBeforeTax": 5755000.0, "operatingExpenses": 47942000, "generalAndAdministrativeExpenses": 9423000.0, "netIncome": 4380000.0, "symbol": "CRM", "weightedAverageShsOut": 0.0, "period": "Q1", "link": "https://www.sec.gov/Archives/edgar/data/1108524/000119312505111788/0001193125-05-111788-index.htm", "date": "2005-04-30", "netIncomeRatio": 0.06824874955202019, "grossProfitRatio": 0.8135624912351778, "interestExpense": 13000.0, "eps": 0.0, "epsdiluted": 0.0, "depreciationAndAmortization": 1121000.0, "costOfRevenue": 11965000, "operatingIncomeRatio": 0.06653473986007448, "operatingIncome": 4270000.0}, {"finalLink": "https://www.sec.gov/Archives/edgar/data/1108524/000119312505061027/d10k.htm", "sellingAndMarketingExpenses": 28431000, "revenue": 54594000, "researchAndDevelopmentExpenses": 3159000.0, "acceptedDate": "2005-03-25 17:26:13", "fillingDate": "2005-03-25", "weightedAverageShsOutDil": 0.0, "costAndExpenses": 51373000, "ebitda": 4141000.0, "ebitdaratio": 0.07585082609810602, "incomeBeforeTaxRatio": 0.08314100450598967, "incomeTaxExpense": 603000.0, "totalOtherIncomeExpensesNet": 163000.0, "grossProfit": 44590000, "otherExpenses": 151000.0, "incomeBeforeTax": 4539000.0, "operatingExpenses": 41369000, "generalAndAdministrativeExpenses": 9779000.0, "netIncome": 3586000.0, "symbol": "CRM", "weightedAverageShsOut": 0.0, "period": "FY", "link": "https://www.sec.gov/Archives/edgar/data/1108524/000119312505061027/0001193125-05-061027-index.htm", "date": "2005-01-31", "netIncomeRatio": 0.0656848737956552, "grossProfitRatio": 0.8167564201194271, "interestExpense": 17000.0, "eps": 0.0, "epsdiluted": 0.0, "depreciationAndAmortization": 920000.0, "costOfRevenue": 10004000, "operatingIncomeRatio": 0.058999157416565924, "operatingIncome": 3221000.0}, {"finalLink": "https://www.sec.gov/Archives/edgar/data/1108524/000119312504201626/d10q.htm", "sellingAndMarketingExpenses": 24940000, "revenue": 46361000, "researchAndDevelopmentExpenses": 2462000.0, "acceptedDate": "2004-11-22 16:16:58", "fillingDate": "2004-11-22", "weightedAverageShsOutDil": 0.0, "costAndExpenses": 44588000, "ebitda": 2573000.0, "ebitdaratio": 0.05549923427018399, "incomeBeforeTaxRatio": 0.0554776644162119, "incomeTaxExpense": 342000.0, "totalOtherIncomeExpensesNet": -176000.0, "grossProfit": 37456000, "otherExpenses": -176000.0, "incomeBeforeTax": 2572000.0, "operatingExpenses": 35683000, "generalAndAdministrativeExpenses": 8281000.0, "netIncome": 2153000.0, "symbol": "CRM", "weightedAverageShsOut": 0.0, "period": "Q3", "link": "https://www.sec.gov/Archives/edgar/data/1108524/000119312504201626/0001193125-04-201626-index.htm", "date": "2004-10-31", "netIncomeRatio": 0.046439895601906776, "grossProfitRatio": 0.807920450378551, "interestExpense": 14000.0, "eps": 0.0, "epsdiluted": 0.0, "depreciationAndAmortization": 800000.0, "costOfRevenue": 8905000.0, "operatingIncomeRatio": 0.0382433510925131, "operatingIncome": 1773000.0}]