[{"finalLink": "https://www.sec.gov/Archives/edgar/data/1326801/000132680120000048/fb-03312020x10q.htm", "sellingAndMarketingExpenses": 2787000000, "revenue": 17737000000, "researchAndDevelopmentExpenses": 4015000000, "acceptedDate": "2020-04-30 06:14:44", "fillingDate": "2020-04-30", "weightedAverageShsOutDil": 2868000000, "costAndExpenses": 11844000000, "ebitda": 7490000000, "ebitdaratio": 0.42228110729, "incomeBeforeTaxRatio": 0.330439194903, "incomeTaxExpense": 959000000, "totalOtherIncomeExpensesNet": -32000000, "grossProfit": 14278000000, "otherExpenses": 1335000000, "incomeBeforeTax": 5861000000, "operatingExpenses": 9720000000, "generalAndAdministrativeExpenses": 1583000000, "netIncome": 4902000000, "symbol": "FB", "weightedAverageShsOut": 2851000000, "period": "Q1", "link": "https://www.sec.gov/Archives/edgar/data/1326801/000132680120000048/0001326801-20-000048-index.htm", "date": "2020-03-31", "netIncomeRatio": 0.276371426961, "grossProfitRatio": 0.8049839318937814, "interestExpense": 0, "eps": 1.72, "epsdiluted": 1.71, "depreciationAndAmortization": 1597000000, "costOfRevenue": 3459000000, "operatingIncomeRatio": 0.332243333145, "operatingIncome": 5893000000}, {"finalLink": "https://www.sec.gov/Archives/edgar/data/1326801/000132680120000013/fb-12312019x10k.htm", "sellingAndMarketingExpenses": 3026000000, "revenue": 21082000000, "researchAndDevelopmentExpenses": 3878000000, "acceptedDate": "2020-01-29 21:12:14", "fillingDate": "2020-01-30", "weightedAverageShsOutDil": 2876000000, "costAndExpenses": 12224000000, "ebitda": 10326000000, "ebitdaratio": 0.489801726591, "incomeBeforeTaxRatio": 0.434920785504, "incomeTaxExpense": 1820000000, "totalOtherIncomeExpensesNet": 311000000, "grossProfit": 17591000000, "otherExpenses": 2458000000, "incomeBeforeTax": 9169000000, "operatingExpenses": 11191000000, "generalAndAdministrativeExpenses": 1829000000, "netIncome": 7349000000, "symbol": "FB", "weightedAverageShsOut": 2876000000, "period": "FY", "link": "https://www.sec.gov/Archives/edgar/data/1326801/000132680120000013/0001326801-20-000013-index.htm", "date": "2019-12-31", "netIncomeRatio": 0.348591215255, "grossProfitRatio": 0.8344085001423015, "interestExpense": 11000000, "eps": 2.58, "epsdiluted": 2.56, "depreciationAndAmortization": 1468000000, "costOfRevenue": 3491000000, "operatingIncomeRatio": 0.420168864434, "operatingIncome": 8858000000}, {"finalLink": "https://www.sec.gov/Archives/edgar/data/1326801/000132680119000069/fb-09302019x10q.htm", "sellingAndMarketingExpenses": 2416000000, "revenue": 17652000000, "researchAndDevelopmentExpenses": 3547000000, "acceptedDate": "2019-10-30 21:00:31", "fillingDate": "2019-10-31", "weightedAverageShsOutDil": 2875000000, "costAndExpenses": 10467000000, "ebitda": 8601000000, "ebitdaratio": 0.487253569001, "incomeBeforeTaxRatio": 0.415193745751, "incomeTaxExpense": 1238000000, "totalOtherIncomeExpensesNet": 144000000, "grossProfit": 14496000000, "otherExpenses": 2407000000, "incomeBeforeTax": 7329000000, "operatingExpenses": 9718000000, "generalAndAdministrativeExpenses": 1348000000, "netIncome": 6091000000, "symbol": "FB", "weightedAverageShsOut": 2855000000, "period": "Q3", "link": "https://www.sec.gov/Archives/edgar/data/1326801/000132680119000069/0001326801-19-000069-index.htm", "date": "2019-09-30", "netIncomeRatio": 0.345060049853, "grossProfitRatio": 0.8212100611828688, "interestExpense": -9000000, "eps": 2.13, "epsdiluted": 2.11, "depreciationAndAmortization": 1416000000, "costOfRevenue": 3156000000, "operatingIncomeRatio": 0.407036029912, "operatingIncome": 7185000000}, {"finalLink": "https://www.sec.gov/Archives/edgar/data/1326801/000132680119000055/fb-06302019x10q.htm", "sellingAndMarketingExpenses": 4321000000, "revenue": 16886000000, "researchAndDevelopmentExpenses": 3315000000, "acceptedDate": "2019-07-24 21:12:30", "fillingDate": "2019-07-25", "weightedAverageShsOutDil": 2873000000, "costAndExpenses": 12260000000, "ebitda": 6553000000, "ebitdaratio": 0.3880729598483951, "incomeBeforeTaxRatio": 0.2861542105886533, "incomeTaxExpense": 2216000000, "totalOtherIncomeExpensesNet": 206000000, "grossProfit": 13579000000, "otherExpenses": 0, "incomeBeforeTax": 4832000000, "operatingExpenses": 8953000000, "generalAndAdministrativeExpenses": 5638000000, "netIncome": 2616000000, "symbol": "FB", "weightedAverageShsOut": 2855000000, "period": "Q2", "link": "https://www.sec.gov/Archives/edgar/data/1326801/000132680119000055/0001326801-19-000055-index.htm", "date": "2019-06-30", "netIncomeRatio": 0.15492123652730072, "grossProfitRatio": 0.8041572900627739, "interestExpense": 219000000, "eps": 1.76, "epsdiluted": 1.74, "depreciationAndAmortization": 1502000000, "costOfRevenue": 3307000000, "operatingIncomeRatio": 0.27395475541869, "operatingIncome": 4626000000}, {"finalLink": "https://www.sec.gov/Archives/edgar/data/1326801/000132680119000037/fb-03312019x10q.htm", "sellingAndMarketingExpenses": 113000000, "revenue": 15077000000, "researchAndDevelopmentExpenses": 2860000000, "acceptedDate": "2019-04-24 21:06:00", "fillingDate": "2019-04-25", "weightedAverageShsOutDil": 2869000000, "costAndExpenses": 11760000000, "ebitda": 3317000000, "ebitdaratio": 0.2200039795715328, "incomeBeforeTaxRatio": 0.23094780128672812, "incomeTaxExpense": 1053000000, "totalOtherIncomeExpensesNet": 165000000, "grossProfit": 12261000000, "otherExpenses": 0, "incomeBeforeTax": 3482000000, "operatingExpenses": 8944000000, "generalAndAdministrativeExpenses": 6084000000, "netIncome": 2429000000, "symbol": "FB", "weightedAverageShsOut": 2856000000, "period": "Q1", "link": "https://www.sec.gov/Archives/edgar/data/1326801/000132680119000037/0001326801-19-000037-index.htm", "date": "2019-03-31", "netIncomeRatio": 0.16110632088611793, "grossProfitRatio": 0.813225442727333, "interestExpense": 0, "eps": 0.85, "epsdiluted": 0.85, "depreciationAndAmortization": 1355000000, "costOfRevenue": 2816000000, "operatingIncomeRatio": 0.2200039795715328, "operatingIncome": 3317000000}, {"finalLink": "https://www.sec.gov/Archives/edgar/data/1326801/000132680119000009/fb-12312018x10k.htm", "sellingAndMarketingExpenses": 2467000000, "revenue": 16914000000, "researchAndDevelopmentExpenses": 2855000000, "acceptedDate": "2019-01-31 16:58:29", "fillingDate": "2019-01-31", "weightedAverageShsOutDil": 2921000000, "costAndExpenses": 9094000000, "ebitda": 9045000000, "ebitdaratio": 0.534764100745, "incomeBeforeTaxRatio": 0.471266406527, "incomeTaxExpense": 1089000000, "totalOtherIncomeExpensesNet": 151000000, "grossProfit": 14118000000, "otherExpenses": 1862000000, "incomeBeforeTax": 7971000000, "operatingExpenses": 8160000000, "generalAndAdministrativeExpenses": 976000000, "netIncome": 6882000000, "symbol": "FB", "weightedAverageShsOut": 2921000000, "period": "FY", "link": "https://www.sec.gov/Archives/edgar/data/1326801/000132680119000009/0001326801-19-000009-index.htm", "date": "2018-12-31", "netIncomeRatio": 0.406881873005, "grossProfitRatio": 0.8346931536005676, "interestExpense": 9000000, "eps": 2.39, "epsdiluted": 2.37, "depreciationAndAmortization": 1225000000, "costOfRevenue": 2796000000, "operatingIncomeRatio": 0.46233889086, "operatingIncome": 7820000000}, {"finalLink": "https://www.sec.gov/Archives/edgar/data/1326801/000132680118000067/fb-09302018x10q.htm", "sellingAndMarketingExpenses": 1929000000, "revenue": 13727000000, "researchAndDevelopmentExpenses": 2657000000, "acceptedDate": "2018-10-31 16:13:09", "fillingDate": "2018-10-31", "weightedAverageShsOutDil": 2931000000, "costAndExpenses": 7947000000, "ebitda": 6887000000, "ebitdaratio": 0.501711954542, "incomeBeforeTaxRatio": 0.430684053326, "incomeTaxExpense": 775000000, "totalOtherIncomeExpensesNet": 132000000, "grossProfit": 11309000000, "otherExpenses": 2006000000, "incomeBeforeTax": 5912000000, "operatingExpenses": 7535000000, "generalAndAdministrativeExpenses": 943000000, "netIncome": 5137000000, "symbol": "FB", "weightedAverageShsOut": 2931000000, "period": "Q3", "link": "https://www.sec.gov/Archives/edgar/data/1326801/000132680118000067/0001326801-18-000067-index.htm", "date": "2018-09-30", "netIncomeRatio": 0.374225978, "grossProfitRatio": 0.8238508049828804, "interestExpense": 0, "eps": 1.78, "epsdiluted": 1.77, "depreciationAndAmortization": 1107000000, "costOfRevenue": 2418000000, "operatingIncomeRatio": 0.421067968238, "operatingIncome": 5780000000}, {"finalLink": "https://www.sec.gov/Archives/edgar/data/1326801/000132680118000057/fb-06302018x10q.htm", "sellingAndMarketingExpenses": 1855000000, "revenue": 13231000000, "researchAndDevelopmentExpenses": 2523000000, "acceptedDate": "2018-07-26 16:25:03", "fillingDate": "2018-07-26", "weightedAverageShsOutDil": 2939000000, "costAndExpenses": 7367000000, "ebitda": 6898000000, "ebitdaratio": 0.521351371778, "incomeBeforeTaxRatio": 0.443503892374, "incomeTaxExpense": 763000000, "totalOtherIncomeExpensesNet": 4000000, "grossProfit": 11017000000, "otherExpenses": 2298000000, "incomeBeforeTax": 5868000000, "operatingExpenses": 7451000000, "generalAndAdministrativeExpenses": 775000000, "netIncome": 5105000000, "symbol": "FB", "weightedAverageShsOut": 2939000000, "period": "Q2", "link": "https://www.sec.gov/Archives/edgar/data/1326801/000132680118000057/0001326801-18-000057-index.htm", "date": "2018-06-30", "netIncomeRatio": 0.385836293553, "grossProfitRatio": 0.8326657093190235, "interestExpense": 0, "eps": 1.76, "epsdiluted": 1.74, "depreciationAndAmortization": 1034000000, "costOfRevenue": 2214000000, "operatingIncomeRatio": 0.443201572066, "operatingIncome": 5864000000}, {"finalLink": "https://www.sec.gov/Archives/edgar/data/1326801/000132680118000032/fb-03312018x10q.htm", "sellingAndMarketingExpenses": 1595000000, "revenue": 11966000000, "researchAndDevelopmentExpenses": 2238000000, "acceptedDate": "2018-04-26 17:06:41", "fillingDate": "2018-04-26", "weightedAverageShsOutDil": 2945000000, "costAndExpenses": 6517000000, "ebitda": 6398000000, "ebitdaratio": 0.534681597861, "incomeBeforeTaxRatio": 0.468828346983, "incomeTaxExpense": 622000000, "totalOtherIncomeExpensesNet": 161000000, "grossProfit": 10039000000, "otherExpenses": 1854000000, "incomeBeforeTax": 5610000000, "operatingExpenses": 6444000000, "generalAndAdministrativeExpenses": 757000000, "netIncome": 4988000000, "symbol": "FB", "weightedAverageShsOut": 2945000000, "period": "Q1", "link": "https://www.sec.gov/Archives/edgar/data/1326801/000132680118000032/0001326801-18-000032-index.htm", "date": "2018-03-31", "netIncomeRatio": 0.41684773525, "grossProfitRatio": 0.8389603877653351, "interestExpense": 0, "eps": 1.72, "epsdiluted": 1.69, "depreciationAndAmortization": 949000000, "costOfRevenue": 1927000000, "operatingIncomeRatio": 0.455373558416, "operatingIncome": 5449000000}, {"finalLink": "https://www.sec.gov/Archives/edgar/data/1326801/000132680118000009/fb-12312017x10k.htm", "sellingAndMarketingExpenses": 1374000000, "revenue": 12972000000, "researchAndDevelopmentExpenses": 1949000000, "acceptedDate": "2018-02-01 16:58:26", "fillingDate": "2018-02-01", "weightedAverageShsOutDil": 2956000000, "costAndExpenses": 5620000000, "ebitda": 8205000000, "ebitdaratio": 0.632516188714, "incomeBeforeTaxRatio": 0.575238976257, "incomeTaxExpense": 3193000000, "totalOtherIncomeExpensesNet": 110000000, "grossProfit": 11361000000, "otherExpenses": 1578000000, "incomeBeforeTax": 7462000000, "operatingExpenses": 5587000000, "generalAndAdministrativeExpenses": 686000000, "netIncome": 4269000000, "symbol": "FB", "weightedAverageShsOut": 2956000000, "period": "FY", "link": "https://www.sec.gov/Archives/edgar/data/1326801/000132680118000009/0001326801-18-000009-index.htm", "date": "2017-12-31", "netIncomeRatio": 0.329093432007, "grossProfitRatio": 0.8758094357076781, "interestExpense": 6000000, "eps": 1.47, "epsdiluted": 1.44, "depreciationAndAmortization": 853000000, "costOfRevenue": 1611000000, "operatingIncomeRatio": 0.566759173605, "operatingIncome": 7352000000}, {"finalLink": "https://www.sec.gov/Archives/edgar/data/1326801/000132680117000053/fb-09302017x10q.htm", "sellingAndMarketingExpenses": 1170000000, "revenue": 10328000000, "researchAndDevelopmentExpenses": 2052000000, "acceptedDate": "2017-11-02 16:37:43", "fillingDate": "2017-11-02", "weightedAverageShsOutDil": 2954000000, "costAndExpenses": 5206000000, "ebitda": 5894000000, "ebitdaratio": 0.570681642138, "incomeBeforeTaxRatio": 0.506874515879, "incomeTaxExpense": 529000000, "totalOtherIncomeExpensesNet": 113000000, "grossProfit": 8880000000, "otherExpenses": 1973000000, "incomeBeforeTax": 5235000000, "operatingExpenses": 5731000000, "generalAndAdministrativeExpenses": 536000000, "netIncome": 4706000000, "symbol": "FB", "weightedAverageShsOut": 2954000000, "period": "Q3", "link": "https://www.sec.gov/Archives/edgar/data/1326801/000132680117000053/0001326801-17-000053-index.htm", "date": "2017-09-30", "netIncomeRatio": 0.455654531371, "grossProfitRatio": 0.8597986057319907, "interestExpense": 0, "eps": 1.62, "epsdiluted": 1.59, "depreciationAndAmortization": 772000000, "costOfRevenue": 1448000000, "operatingIncomeRatio": 0.495933384973, "operatingIncome": 5122000000}, {"finalLink": "https://www.sec.gov/Archives/edgar/data/1326801/000132680117000038/fb-06302017x10q.htm", "sellingAndMarketingExpenses": 1124000000, "revenue": 9321000000, "researchAndDevelopmentExpenses": 1919000000, "acceptedDate": "2017-07-27 16:25:55", "fillingDate": "2017-07-27", "weightedAverageShsOutDil": 2950000000, "costAndExpenses": 4919000000, "ebitda": 5131000000, "ebitdaratio": 0.550477416586, "incomeBeforeTaxRatio": 0.481600686622, "incomeTaxExpense": 594000000, "totalOtherIncomeExpensesNet": 87000000, "grossProfit": 8085000000, "otherExpenses": 2017000000, "incomeBeforeTax": 4489000000, "operatingExpenses": 5700000000, "generalAndAdministrativeExpenses": 640000000, "netIncome": 3895000000, "symbol": "FB", "weightedAverageShsOut": 2950000000, "period": "Q2", "link": "https://www.sec.gov/Archives/edgar/data/1326801/000132680117000038/0001326801-17-000038-index.htm", "date": "2017-06-30", "netIncomeRatio": 0.41787361871, "grossProfitRatio": 0.8673962021242356, "interestExpense": 0, "eps": 1.34, "epsdiluted": 1.32, "depreciationAndAmortization": 729000000, "costOfRevenue": 1236000000, "operatingIncomeRatio": 0.47226692415, "operatingIncome": 4402000000}, {"finalLink": "https://www.sec.gov/Archives/edgar/data/1326801/000132680117000024/fb-03312017x10q.htm", "sellingAndMarketingExpenses": 1057000000, "revenue": 8032000000, "researchAndDevelopmentExpenses": 1834000000, "acceptedDate": "2017-05-04 16:20:47", "fillingDate": "2017-05-04", "weightedAverageShsOutDil": 2944000000, "costAndExpenses": 4705000000, "ebitda": 3998000000, "ebitdaratio": 0.497758964143, "incomeBeforeTaxRatio": 0.424302788845, "incomeTaxExpense": 344000000, "totalOtherIncomeExpensesNet": 81000000, "grossProfit": 6873000000, "otherExpenses": 1700000000, "incomeBeforeTax": 3408000000, "operatingExpenses": 5246000000, "generalAndAdministrativeExpenses": 655000000, "netIncome": 3064000000, "symbol": "FB", "weightedAverageShsOut": 2944000000, "period": "Q1", "link": "https://www.sec.gov/Archives/edgar/data/1326801/000132680117000024/0001326801-17-000024-index.htm", "date": "2017-03-31", "netIncomeRatio": 0.381474103586, "grossProfitRatio": 0.8557021912350598, "interestExpense": 0, "eps": 1.06, "epsdiluted": 1.04, "depreciationAndAmortization": 671000000, "costOfRevenue": 1159000000, "operatingIncomeRatio": 0.41421812749, "operatingIncome": 3327000000}, {"finalLink": "https://www.sec.gov/Archives/edgar/data/1326801/000132680117000007/fb-12312016x10k.htm", "sellingAndMarketingExpenses": 1121000000, "revenue": 8809000000, "researchAndDevelopmentExpenses": 1574000000, "acceptedDate": "2017-02-02 21:13:52", "fillingDate": "2017-02-03", "weightedAverageShsOutDil": 2925000000, "costAndExpenses": 4258000000, "ebitda": 5165000000, "ebitdaratio": 0.586332160291, "incomeBeforeTaxRatio": 0.512771029629, "incomeTaxExpense": 244000000, "totalOtherIncomeExpensesNet": -34000000, "grossProfit": 7761000000, "otherExpenses": 1661000000, "incomeBeforeTax": 4517000000, "operatingExpenses": 4871000000, "generalAndAdministrativeExpenses": 515000000, "netIncome": 4273000000, "symbol": "FB", "weightedAverageShsOut": 2925000000, "period": "FY", "link": "https://www.sec.gov/Archives/edgar/data/1326801/000132680117000007/0001326801-17-000007-index.htm", "date": "2016-12-31", "netIncomeRatio": 0.485072085367, "grossProfitRatio": 0.8810307639913725, "interestExpense": 10000000, "eps": 1.49, "epsdiluted": 1.44, "depreciationAndAmortization": 614000000, "costOfRevenue": 1048000000, "operatingIncomeRatio": 0.516630718583, "operatingIncome": 4551000000}, {"finalLink": "https://www.sec.gov/Archives/edgar/data/1326801/000132680116000087/fb-9302016x10q.htm", "sellingAndMarketingExpenses": 925000000, "revenue": 7011000000, "researchAndDevelopmentExpenses": 1539000000, "acceptedDate": "2016-11-03 16:05:28", "fillingDate": "2016-11-03", "weightedAverageShsOutDil": 2902000000, "costAndExpenses": 3889000000, "ebitda": 3713000000, "ebitdaratio": 0.529596348595, "incomeBeforeTaxRatio": 0.452003993724, "incomeTaxExpense": 790000000, "totalOtherIncomeExpensesNet": 47000000, "grossProfit": 6024000000, "otherExpenses": 1608000000, "incomeBeforeTax": 3169000000, "operatingExpenses": 4510000000, "generalAndAdministrativeExpenses": 438000000, "netIncome": 2379000000, "symbol": "FB", "weightedAverageShsOut": 2902000000, "period": "Q3", "link": "https://www.sec.gov/Archives/edgar/data/1326801/000132680116000087/0001326801-16-000087-index.htm", "date": "2016-09-30", "netIncomeRatio": 0.339323919555, "grossProfitRatio": 0.8592212237911853, "interestExpense": 0, "eps": 0.82, "epsdiluted": 0.82, "depreciationAndAmortization": 591000000, "costOfRevenue": 987000000, "operatingIncomeRatio": 0.445300242476, "operatingIncome": 3122000000}, {"finalLink": "https://www.sec.gov/Archives/edgar/data/1326801/000132680116000082/fb-6302016x10q.htm", "sellingAndMarketingExpenses": 900000000, "revenue": 6436000000, "researchAndDevelopmentExpenses": 1463000000, "acceptedDate": "2016-07-28 16:19:58", "fillingDate": "2016-07-28", "weightedAverageShsOutDil": 2896000000, "costAndExpenses": 3691000000, "ebitda": 3330000000, "ebitdaratio": 0.517402113114, "incomeBeforeTaxRatio": 0.429925419515, "incomeTaxExpense": 712000000, "totalOtherIncomeExpensesNet": 22000000, "grossProfit": 5520000000, "otherExpenses": 1582000000, "incomeBeforeTax": 2767000000, "operatingExpenses": 4357000000, "generalAndAdministrativeExpenses": 412000000, "netIncome": 2055000000, "symbol": "FB", "weightedAverageShsOut": 2896000000, "period": "Q2", "link": "https://www.sec.gov/Archives/edgar/data/1326801/000132680116000082/0001326801-16-000082-index.htm", "date": "2016-06-30", "netIncomeRatio": 0.319297700435, "grossProfitRatio": 0.8576755748912368, "interestExpense": 0, "eps": 0.72, "epsdiluted": 0.71, "depreciationAndAmortization": 585000000, "costOfRevenue": 916000000, "operatingIncomeRatio": 0.426507147296, "operatingIncome": 2745000000}, {"finalLink": "https://www.sec.gov/Archives/edgar/data/1326801/000132680116000067/fb-3312016x10q.htm", "sellingAndMarketingExpenses": 826000000, "revenue": 5382000000, "researchAndDevelopmentExpenses": 1343000000, "acceptedDate": "2016-04-28 16:15:04", "fillingDate": "2016-04-28", "weightedAverageShsOutDil": 2888000000, "costAndExpenses": 3373000000, "ebitda": 2561000000, "ebitdaratio": 0.475845410628, "incomeBeforeTaxRatio": 0.383686361947, "incomeTaxExpense": 555000000, "totalOtherIncomeExpensesNet": 56000000, "grossProfit": 4544000000, "otherExpenses": 1472000000, "incomeBeforeTax": 2065000000, "operatingExpenses": 4007000000, "generalAndAdministrativeExpenses": 366000000, "netIncome": 1510000000, "symbol": "FB", "weightedAverageShsOut": 2888000000, "period": "Q1", "link": "https://www.sec.gov/Archives/edgar/data/1326801/000132680116000067/0001326801-16-000067-index.htm", "date": "2016-03-31", "netIncomeRatio": 0.280564845782, "grossProfitRatio": 0.84429580081754, "interestExpense": 0, "eps": 0.53, "epsdiluted": 0.52, "depreciationAndAmortization": 552000000, "costOfRevenue": 838000000, "operatingIncomeRatio": 0.373281308064, "operatingIncome": 2009000000}, {"finalLink": "https://www.sec.gov/Archives/edgar/data/1326801/000132680116000043/fb-12312015x10k.htm", "sellingAndMarketingExpenses": 772000000, "revenue": 5841000000, "researchAndDevelopmentExpenses": 1314000000, "acceptedDate": "2016-01-28 16:17:07", "fillingDate": "2016-01-28", "weightedAverageShsOutDil": 2853000000, "costAndExpenses": 3281000000, "ebitda": 3103000000, "ebitdaratio": 0.531244649889, "incomeBeforeTaxRatio": 0.437767505564, "incomeTaxExpense": 996000000, "totalOtherIncomeExpensesNet": -3000000, "grossProfit": 5017000000, "otherExpenses": 1470000000, "incomeBeforeTax": 2557000000, "operatingExpenses": 3927000000, "generalAndAdministrativeExpenses": 371000000, "netIncome": 1561000000, "symbol": "FB", "weightedAverageShsOut": 2853000000, "period": "FY", "link": "https://www.sec.gov/Archives/edgar/data/1326801/000132680116000043/0001326801-16-000043-index.htm", "date": "2015-12-31", "netIncomeRatio": 0.267248758774, "grossProfitRatio": 0.8589282657079267, "interestExpense": 23000000, "eps": 0.55, "epsdiluted": 0.54, "depreciationAndAmortization": 543000000, "costOfRevenue": 824000000, "operatingIncomeRatio": 0.438281116247, "operatingIncome": 2560000000}, {"finalLink": "https://www.sec.gov/Archives/edgar/data/1326801/000132680115000032/fb-9302015x10q.htm", "sellingAndMarketingExpenses": 706000000, "revenue": 4501000000, "researchAndDevelopmentExpenses": 1271000000, "acceptedDate": "2015-11-05 16:47:45", "fillingDate": "2015-11-05", "weightedAverageShsOutDil": 2848000000, "costAndExpenses": 3042000000, "ebitda": 1945000000, "ebitdaratio": 0.432126194179, "incomeBeforeTaxRatio": 0.318151521884, "incomeTaxExpense": 536000000, "totalOtherIncomeExpensesNet": -27000000, "grossProfit": 3781000000, "otherExpenses": 1493000000, "incomeBeforeTax": 1432000000, "operatingExpenses": 3815000000, "generalAndAdministrativeExpenses": 345000000, "netIncome": 896000000, "symbol": "FB", "weightedAverageShsOut": 2848000000, "period": "Q3", "link": "https://www.sec.gov/Archives/edgar/data/1326801/000132680115000032/0001326801-15-000032-index.htm", "date": "2015-09-30", "netIncomeRatio": 0.199066874028, "grossProfitRatio": 0.8400355476560765, "interestExpense": 0, "eps": 0.32, "epsdiluted": 0.32, "depreciationAndAmortization": 486000000, "costOfRevenue": 720000000, "operatingIncomeRatio": 0.324150188847, "operatingIncome": 1459000000}, {"finalLink": "https://www.sec.gov/Archives/edgar/data/1326801/000132680115000028/fb-6302015x10q.htm", "sellingAndMarketingExpenses": 627000000, "revenue": 4043000000, "researchAndDevelopmentExpenses": 1169000000, "acceptedDate": "2015-07-30 18:43:25", "fillingDate": "2015-07-31", "weightedAverageShsOutDil": 2844000000, "costAndExpenses": 2770000000, "ebitda": 1732000000, "ebitdaratio": 0.428394756369, "incomeBeforeTaxRatio": 0.31486519911, "incomeTaxExpense": 554000000, "totalOtherIncomeExpensesNet": 0, "grossProfit": 3374000000, "otherExpenses": 1505000000, "incomeBeforeTax": 1273000000, "operatingExpenses": 3606000000, "generalAndAdministrativeExpenses": 305000000, "netIncome": 719000000, "symbol": "FB", "weightedAverageShsOut": 2844000000, "period": "Q2", "link": "https://www.sec.gov/Archives/edgar/data/1326801/000132680115000028/0001326801-15-000028-index.htm", "date": "2015-06-30", "netIncomeRatio": 0.177838238931, "grossProfitRatio": 0.8345288152362107, "interestExpense": 0, "eps": 0.26, "epsdiluted": 0.25, "depreciationAndAmortization": 459000000, "costOfRevenue": 669000000, "operatingIncomeRatio": 0.31486519911, "operatingIncome": 1273000000}, {"finalLink": "https://www.sec.gov/Archives/edgar/data/1326801/000132680115000015/fb-3312015x10q.htm", "sellingAndMarketingExpenses": 620000000, "revenue": 3543000000, "researchAndDevelopmentExpenses": 1062000000, "acceptedDate": "2015-04-23 16:23:16", "fillingDate": "2015-04-23", "weightedAverageShsOutDil": 2836000000, "costAndExpenses": 2610000000, "ebitda": 1390000000, "ebitdaratio": 0.392322890206, "incomeBeforeTaxRatio": 0.263053909117, "incomeTaxExpense": 420000000, "totalOtherIncomeExpensesNet": -1000000, "grossProfit": 2889000000, "otherExpenses": 1389000000, "incomeBeforeTax": 932000000, "operatingExpenses": 3345000000, "generalAndAdministrativeExpenses": 274000000, "netIncome": 512000000, "symbol": "FB", "weightedAverageShsOut": 2836000000, "period": "Q1", "link": "https://www.sec.gov/Archives/edgar/data/1326801/000132680115000015/0001326801-15-000015-index.htm", "date": "2015-03-31", "netIncomeRatio": 0.144510302004, "grossProfitRatio": 0.8154106689246401, "interestExpense": 0, "eps": 0.18, "epsdiluted": 0.18, "depreciationAndAmortization": 457000000, "costOfRevenue": 654000000, "operatingIncomeRatio": 0.2633361558, "operatingIncome": 933000000}, {"finalLink": "https://www.sec.gov/Archives/edgar/data/1326801/000132680115000006/fb-12312014x10k.htm", "sellingAndMarketingExpenses": 625000000, "revenue": 3851000000, "researchAndDevelopmentExpenses": 1111000000, "acceptedDate": "2015-01-29 16:35:58", "fillingDate": "2015-01-29", "weightedAverageShsOutDil": 2664000000, "costAndExpenses": 2718000000, "ebitda": 1566000000, "ebitdaratio": 0.406647623994, "incomeBeforeTaxRatio": 0.289275512854, "incomeTaxExpense": 413000000, "totalOtherIncomeExpensesNet": -19000000, "grossProfit": 3199000000, "otherExpenses": 1774000000, "incomeBeforeTax": 1114000000, "operatingExpenses": 3840000000, "generalAndAdministrativeExpenses": 330000000, "netIncome": 701000000, "symbol": "FB", "weightedAverageShsOut": 2664000000, "period": "FY", "link": "https://www.sec.gov/Archives/edgar/data/1326801/000132680115000006/0001326801-15-000006-index.htm", "date": "2014-12-31", "netIncomeRatio": 0.182030641392, "grossProfitRatio": 0.830693326408725, "interestExpense": 23000000, "eps": 0.25, "epsdiluted": 0.24, "depreciationAndAmortization": 433000000, "costOfRevenue": 652000000, "operatingIncomeRatio": 0.294209296287, "operatingIncome": 1133000000}, {"finalLink": "https://www.sec.gov/Archives/edgar/data/1326801/000132680114000068/fb-9302014x10q.htm", "sellingAndMarketingExpenses": 374000000, "revenue": 3203000000, "researchAndDevelopmentExpenses": 608000000, "acceptedDate": "2014-10-30 06:02:31", "fillingDate": "2014-10-30", "weightedAverageShsOutDil": 2616000000, "costAndExpenses": 1806000000, "ebitda": 1686000000, "ebitdaratio": 0.526381517328, "incomeBeforeTaxRatio": 0.41710896035, "incomeTaxExpense": 530000000, "totalOtherIncomeExpensesNet": -61000000, "grossProfit": 2638000000, "otherExpenses": 690000000, "incomeBeforeTax": 1336000000, "operatingExpenses": 1931000000, "generalAndAdministrativeExpenses": 259000000, "netIncome": 806000000, "symbol": "FB", "weightedAverageShsOut": 2616000000, "period": "Q3", "link": "https://www.sec.gov/Archives/edgar/data/1326801/000132680114000068/0001326801-14-000068-index.htm", "date": "2014-09-30", "netIncomeRatio": 0.251639088355, "grossProfitRatio": 0.823602872307212, "interestExpense": 0, "eps": 0.31, "epsdiluted": 0.31, "depreciationAndAmortization": 289000000, "costOfRevenue": 565000000, "operatingIncomeRatio": 0.436153605994, "operatingIncome": 1397000000}, {"finalLink": "https://www.sec.gov/Archives/edgar/data/1326801/000132680114000032/fb-6302014x10q.htm", "sellingAndMarketingExpenses": 358000000, "revenue": 2910000000, "researchAndDevelopmentExpenses": 492000000, "acceptedDate": "2014-07-24 16:25:39", "fillingDate": "2014-07-24", "weightedAverageShsOutDil": 2609000000, "costAndExpenses": 1521000000, "ebitda": 1646000000, "ebitdaratio": 0.565635738832, "incomeBeforeTaxRatio": 0.475945017182, "incomeTaxExpense": 594000000, "totalOtherIncomeExpensesNet": -4000000, "grossProfit": 2436000000, "otherExpenses": 612000000, "incomeBeforeTax": 1385000000, "operatingExpenses": 1659000000, "generalAndAdministrativeExpenses": 197000000, "netIncome": 791000000, "symbol": "FB", "weightedAverageShsOut": 2609000000, "period": "Q2", "link": "https://www.sec.gov/Archives/edgar/data/1326801/000132680114000032/0001326801-14-000032-index.htm", "date": "2014-06-30", "netIncomeRatio": 0.271821305842, "grossProfitRatio": 0.8371134020618557, "interestExpense": 0, "eps": 0.31, "epsdiluted": 0.3, "depreciationAndAmortization": 257000000, "costOfRevenue": 474000000, "operatingIncomeRatio": 0.477319587629, "operatingIncome": 1389000000}, {"finalLink": "https://www.sec.gov/Archives/edgar/data/1326801/000132680114000023/fb-3312014x10q.htm", "sellingAndMarketingExpenses": 323000000, "revenue": 2502000000, "researchAndDevelopmentExpenses": 455000000, "acceptedDate": "2014-04-25 16:02:52", "fillingDate": "2014-04-25", "weightedAverageShsOutDil": 2609000000, "costAndExpenses": 1427000000, "ebitda": 1339000000, "ebitdaratio": 0.53517186251, "incomeBeforeTaxRatio": 0.42965627498, "incomeTaxExpense": 433000000, "totalOtherIncomeExpensesNet": 0, "grossProfit": 2040000000, "otherExpenses": 536000000, "incomeBeforeTax": 1075000000, "operatingExpenses": 1501000000, "generalAndAdministrativeExpenses": 187000000, "netIncome": 642000000, "symbol": "FB", "weightedAverageShsOut": 2609000000, "period": "Q1", "link": "https://www.sec.gov/Archives/edgar/data/1326801/000132680114000023/0001326801-14-000023-index.htm", "date": "2014-03-31", "netIncomeRatio": 0.256594724221, "grossProfitRatio": 0.815347721822542, "interestExpense": 0, "eps": 0.25, "epsdiluted": 0.25, "depreciationAndAmortization": 264000000, "costOfRevenue": 462000000, "operatingIncomeRatio": 0.42965627498, "operatingIncome": 1075000000}, {"finalLink": "https://www.sec.gov/Archives/edgar/data/1326801/000132680114000007/fb-12312013x10k.htm", "sellingAndMarketingExpenses": 293000000, "revenue": 2586000000, "researchAndDevelopmentExpenses": 409000000, "acceptedDate": "2014-01-31 16:10:34", "fillingDate": "2014-01-31", "weightedAverageShsOutDil": 2517000000, "costAndExpenses": 1454000000, "ebitda": 1406000000, "ebitdaratio": 0.54369682908, "incomeBeforeTaxRatio": 0.436968290797, "incomeTaxExpense": 607000000, "totalOtherIncomeExpensesNet": 4000000, "grossProfit": 2095000000, "otherExpenses": 535000000, "incomeBeforeTax": 1130000000, "operatingExpenses": 1498000000, "generalAndAdministrativeExpenses": 261000000, "netIncome": 523000000, "symbol": "FB", "weightedAverageShsOut": 2517000000, "period": "FY", "link": "https://www.sec.gov/Archives/edgar/data/1326801/000132680114000007/0001326801-14-000007-index.htm", "date": "2013-12-31", "netIncomeRatio": 0.202242846094, "grossProfitRatio": 0.8101314771848415, "interestExpense": 6000000, "eps": 0.22, "epsdiluted": 0.21, "depreciationAndAmortization": 274000000, "costOfRevenue": 491000000, "operatingIncomeRatio": 0.437741686002, "operatingIncome": 1132000000}, {"finalLink": "https://www.sec.gov/Archives/edgar/data/1326801/000132680113000031/fb-9302013x10q.htm", "sellingAndMarketingExpenses": 232000000, "revenue": 2015000000, "researchAndDevelopmentExpenses": 369000000, "acceptedDate": "2013-10-31 18:07:03", "fillingDate": "2013-11-01", "weightedAverageShsOutDil": 2504000000, "costAndExpenses": 1278000000, "ebitda": 1011000000, "ebitdaratio": 0.501736972705, "incomeBeforeTaxRatio": 0.360297766749, "incomeTaxExpense": 301000000, "totalOtherIncomeExpensesNet": 10000000, "grossProfit": 1509000000, "otherExpenses": 466000000, "incomeBeforeTax": 726000000, "operatingExpenses": 1238000000, "generalAndAdministrativeExpenses": 171000000, "netIncome": 425000000, "symbol": "FB", "weightedAverageShsOut": 2504000000, "period": "Q3", "link": "https://www.sec.gov/Archives/edgar/data/1326801/000132680113000031/0001326801-13-000031-index.htm", "date": "2013-09-30", "netIncomeRatio": 0.210918114144, "grossProfitRatio": 0.7488833746898264, "interestExpense": 21000000, "eps": 0.17, "epsdiluted": 0.17, "depreciationAndAmortization": 274000000, "costOfRevenue": 506000000, "operatingIncomeRatio": 0.365756823821, "operatingIncome": 737000000}, {"finalLink": "https://www.sec.gov/Archives/edgar/data/1326801/000132680113000019/fb-6302013x10q.htm", "sellingAndMarketingExpenses": 269000000, "revenue": 1813000000, "researchAndDevelopmentExpenses": 344000000, "acceptedDate": "2013-07-25 16:42:31", "fillingDate": "2013-07-25", "weightedAverageShsOutDil": 2499000000, "costAndExpenses": 1251000000, "ebitda": 784000000, "ebitdaratio": 0.432432432432, "incomeBeforeTaxRatio": 0.300606729178, "incomeTaxExpense": 212000000, "totalOtherIncomeExpensesNet": -3000000, "grossProfit": 1348000000, "otherExpenses": 437000000, "incomeBeforeTax": 545000000, "operatingExpenses": 1223000000, "generalAndAdministrativeExpenses": 173000000, "netIncome": 333000000, "symbol": "FB", "weightedAverageShsOut": 2499000000, "period": "Q2", "link": "https://www.sec.gov/Archives/edgar/data/1326801/000132680113000019/0001326801-13-000019-index.htm", "date": "2013-06-30", "netIncomeRatio": 0.183673469388, "grossProfitRatio": 0.7435190292333149, "interestExpense": 14000000, "eps": 0.14, "epsdiluted": 0.13, "depreciationAndAmortization": 222000000, "costOfRevenue": 465000000, "operatingIncomeRatio": 0.309983452841, "operatingIncome": 562000000}, {"finalLink": "https://www.sec.gov/Archives/edgar/data/1326801/000132680113000011/fb-3312013x10q.htm", "sellingAndMarketingExpenses": 203000000, "revenue": 1458000000, "researchAndDevelopmentExpenses": 293000000, "acceptedDate": "2013-05-02 16:36:18", "fillingDate": "2013-05-02", "weightedAverageShsOutDil": 2499000000, "costAndExpenses": 1085000000, "ebitda": 614000000, "ebitdaratio": 0.421124828532, "incomeBeforeTaxRatio": 0.242112482853, "incomeTaxExpense": 134000000, "totalOtherIncomeExpensesNet": -5000000, "grossProfit": 1045000000, "otherExpenses": 332000000, "incomeBeforeTax": 353000000, "operatingExpenses": 1004000000, "generalAndAdministrativeExpenses": 176000000, "netIncome": 219000000, "symbol": "FB", "weightedAverageShsOut": 2499000000, "period": "Q1", "link": "https://www.sec.gov/Archives/edgar/data/1326801/000132680113000011/0001326801-13-000011-index.htm", "date": "2013-03-31", "netIncomeRatio": 0.150205761317, "grossProfitRatio": 0.7167352537722909, "interestExpense": 0, "eps": 0.09, "epsdiluted": 0.09, "depreciationAndAmortization": 241000000, "costOfRevenue": 413000000, "operatingIncomeRatio": 0.255829903978, "operatingIncome": 373000000}, {"finalLink": "https://www.sec.gov/Archives/edgar/data/1326801/000132680113000003/fb-12312012x10k.htm", "sellingAndMarketingExpenses": 193000000, "revenue": 1585000000, "researchAndDevelopmentExpenses": 297000000, "acceptedDate": "2013-02-01 16:43:01", "fillingDate": "2013-02-01", "weightedAverageShsOutDil": 2499000000, "costAndExpenses": 1062000000, "ebitda": 747000000, "ebitdaratio": 0.471293375394, "incomeBeforeTaxRatio": 0.318611987382, "incomeTaxExpense": 441000000, "totalOtherIncomeExpensesNet": 7000000, "grossProfit": 1188000000, "otherExpenses": 1747000000, "incomeBeforeTax": 505000000, "operatingExpenses": 2412000000, "generalAndAdministrativeExpenses": 175000000, "netIncome": 64000000, "symbol": "FB", "weightedAverageShsOut": 2499000000, "period": "FY", "link": "https://www.sec.gov/Archives/edgar/data/1326801/000132680113000003/0001326801-13-000003-index.htm", "date": "2012-12-31", "netIncomeRatio": 0.0403785488959, "grossProfitRatio": 0.7495268138801262, "interestExpense": 16000000, "eps": 0.01, "epsdiluted": 0, "depreciationAndAmortization": 224000000, "costOfRevenue": 397000000, "operatingIncomeRatio": 0.329968454259, "operatingIncome": 523000000}, {"finalLink": "https://www.sec.gov/Archives/edgar/data/1326801/000132680112000006/fb-9302012x10q.htm", "sellingAndMarketingExpenses": 168000000, "revenue": 1262000000, "researchAndDevelopmentExpenses": 244000000, "acceptedDate": "2012-10-24 16:20:35", "fillingDate": "2012-10-24", "weightedAverageShsOutDil": 1884000000, "costAndExpenses": 885000000, "ebitda": 553000000, "ebitdaratio": 0.438193343899, "incomeBeforeTaxRatio": 0.294770206022, "incomeTaxExpense": 431000000, "totalOtherIncomeExpensesNet": 6000000, "grossProfit": 939000000, "otherExpenses": 171000000, "incomeBeforeTax": 372000000, "operatingExpenses": 733000000, "generalAndAdministrativeExpenses": 150000000, "netIncome": 803000000, "symbol": "FB", "weightedAverageShsOut": 1884000000, "period": "Q3", "link": "https://www.sec.gov/Archives/edgar/data/1326801/000132680112000006/0001326801-12-000006-index.htm", "date": "2012-09-30", "netIncomeRatio": 0.6362916006339144, "grossProfitRatio": 0.7440570522979397, "interestExpense": 11000000, "eps": -0.01, "epsdiluted": -0.01, "depreciationAndAmortization": 176000000, "costOfRevenue": 323000000, "operatingIncomeRatio": 0.298732171157, "operatingIncome": 377000000}, {"finalLink": null, "sellingAndMarketingExpenses": 535000000, "revenue": 2242000000, "researchAndDevelopmentExpenses": 858000000, "acceptedDate": "Not found...", "fillingDate": null, "weightedAverageShsOutDil": 1792000000, "costAndExpenses": 2604000000, "ebitda": -113000000, "ebitdaratio": -0.0504014272971, "incomeBeforeTaxRatio": -0.170829616414, "incomeTaxExpense": -431000000, "totalOtherIncomeExpensesNet": 0, "grossProfit": 1598000000, "otherExpenses": 1138000000, "incomeBeforeTax": -383000000, "operatingExpenses": 3098000000, "generalAndAdministrativeExpenses": 567000000, "netIncome": 48000000, "symbol": "FB", "weightedAverageShsOut": 1792000000, "period": "Q2", "link": "updating...", "date": "2012-06-30", "netIncomeRatio": 0.021409455843, "grossProfitRatio": 0.7127564674397859, "interestExpense": 0, "eps": 0.02, "epsdiluted": 0.02, "depreciationAndAmortization": 249000000, "costOfRevenue": 644000000, "operatingIncomeRatio": -0.161462979483, "operatingIncome": -362000000}]