[{"finalLink": "https://www.sec.gov/Archives/edgar/data/1467623/000146762320000024/dbx-033020x10q.htm", "sellingAndMarketingExpenses": 104300000, "revenue": 455000000, "researchAndDevelopmentExpenses": 181800000, "acceptedDate": "2020-05-08 16:08:53", "fillingDate": "2020-05-08", "weightedAverageShsOutDil": 419300000, "costAndExpenses": 428200000, "ebitda": 71400000, "ebitdaratio": 0.156923076923, "incomeBeforeTaxRatio": 0.0874725274725, "incomeTaxExpense": 500000.0, "totalOtherIncomeExpensesNet": 10000000, "grossProfit": 351900000, "otherExpenses": 1000000.0, "incomeBeforeTax": 39800000, "operatingExpenses": 325100000, "generalAndAdministrativeExpenses": 39000000, "netIncome": 39300000, "symbol": "DBX", "weightedAverageShsOut": 417300000, "period": "Q1", "link": "https://www.sec.gov/Archives/edgar/data/1467623/000146762320000024/0001467623-20-000024-index.htm", "date": "2020-03-31", "netIncomeRatio": 0.0863736263736, "grossProfitRatio": 0.7734065934065935, "interestExpense": 0.0, "eps": 0.09, "epsdiluted": 0.09, "depreciationAndAmortization": 44600000, "costOfRevenue": 103100000, "operatingIncomeRatio": 0.0589010989011, "operatingIncome": 26800000}, {"finalLink": "https://www.sec.gov/Archives/edgar/data/1467623/000146762320000011/a12311910-k.htm", "sellingAndMarketingExpenses": 106300000, "revenue": 446000000, "researchAndDevelopmentExpenses": 176900000, "acceptedDate": "2020-02-21 16:33:29", "fillingDate": "2020-02-21", "weightedAverageShsOutDil": 411600000, "costAndExpenses": 452600000, "ebitda": 39200000, "ebitdaratio": 0.0878923766816, "incomeBeforeTaxRatio": -0.00538116591928, "incomeTaxExpense": 4200000.0, "totalOtherIncomeExpensesNet": 2000000.0, "grossProfit": 341100000, "otherExpenses": 15000000, "incomeBeforeTax": -2400000.0, "operatingExpenses": 347700000, "generalAndAdministrativeExpenses": 64500000, "netIncome": -6600000.0, "symbol": "DBX", "weightedAverageShsOut": 417300000, "period": "FY", "link": "https://www.sec.gov/Archives/edgar/data/1467623/000146762320000011/0001467623-20-000011-index.htm", "date": "2019-12-31", "netIncomeRatio": -0.014798206278, "grossProfitRatio": 0.7647982062780269, "interestExpense": 0.0, "eps": -0.02, "epsdiluted": -0.02, "depreciationAndAmortization": 45800000, "costOfRevenue": 104900000, "operatingIncomeRatio": -0.014798206278, "operatingIncome": -6600000.0}, {"finalLink": "https://www.sec.gov/Archives/edgar/data/1467623/000146762319000028/dbx-093019x10q.htm", "sellingAndMarketingExpenses": 108200000, "revenue": 428200000, "researchAndDevelopmentExpenses": 172800000, "acceptedDate": "2019-11-08 16:18:10", "fillingDate": "2019-11-08", "weightedAverageShsOutDil": 412400000, "costAndExpenses": 446800000, "ebitda": 26600000, "ebitdaratio": 0.0621205044372, "incomeBeforeTaxRatio": -0.0359645025689, "incomeTaxExpense": 1600000.0, "totalOtherIncomeExpensesNet": 0.0, "grossProfit": 323400000, "otherExpenses": -1000000.0, "incomeBeforeTax": -15400000, "operatingExpenses": 342000000, "generalAndAdministrativeExpenses": 61000000, "netIncome": -17000000, "symbol": "DBX", "weightedAverageShsOut": 417300000, "period": "Q3", "link": "https://www.sec.gov/Archives/edgar/data/1467623/000146762319000028/0001467623-19-000028-index.htm", "date": "2019-09-30", "netIncomeRatio": -0.0397010742644, "grossProfitRatio": 0.7552545539467539, "interestExpense": 0.0, "eps": -0.04, "epsdiluted": -0.04, "depreciationAndAmortization": 45200000, "costOfRevenue": 104800000, "operatingIncomeRatio": -0.0434376459598, "operatingIncome": -18600000}, {"finalLink": "https://www.sec.gov/Archives/edgar/data/1467623/000146762319000018/dbx-063019x10q.htm", "sellingAndMarketingExpenses": 107300000, "revenue": 402000000, "researchAndDevelopmentExpenses": 162400000, "acceptedDate": "2019-08-09 15:58:49", "fillingDate": "2019-08-09", "weightedAverageShsOutDil": 411500000, "costAndExpenses": 435500000, "ebitda": 16300000, "ebitdaratio": 0.040597758406, "incomeBeforeTaxRatio": -0.0518057285181, "incomeTaxExpense": 600000.0, "totalOtherIncomeExpensesNet": 10000000, "grossProfit": 299100000, "otherExpenses": 2000000.0, "incomeBeforeTax": -20800000, "operatingExpenses": 332600000, "generalAndAdministrativeExpenses": 62900000, "netIncome": -21400000, "symbol": "DBX", "weightedAverageShsOut": 417300000, "period": "Q2", "link": "https://www.sec.gov/Archives/edgar/data/1467623/000146762319000018/0001467623-19-000018-index.htm", "date": "2019-06-30", "netIncomeRatio": -0.053300124533, "grossProfitRatio": 0.7440298507462687, "interestExpense": 0.0, "eps": -0.05, "epsdiluted": -0.05, "depreciationAndAmortization": 50300000, "costOfRevenue": 102900000, "operatingIncomeRatio": -0.0846824408468, "operatingIncome": -34000000}, {"finalLink": "https://www.sec.gov/Archives/edgar/data/1467623/000146762319000011/dbx-033119x10q.htm", "sellingAndMarketingExpenses": 101500000, "revenue": 385600000, "researchAndDevelopmentExpenses": 150000000, "acceptedDate": "2019-05-10 16:41:06", "fillingDate": "2019-05-10", "weightedAverageShsOutDil": 410500000, "costAndExpenses": 406900000, "ebitda": 28400000, "ebitdaratio": 0.0736514522822, "incomeBeforeTaxRatio": -0.0347510373444, "incomeTaxExpense": -5700000.0, "totalOtherIncomeExpensesNet": 4000000.0, "grossProfit": 287200000, "otherExpenses": 0.0, "incomeBeforeTax": -13400000, "operatingExpenses": 308500000, "generalAndAdministrativeExpenses": 57000000, "netIncome": -7700000.0, "symbol": "DBX", "weightedAverageShsOut": 417300000, "period": "Q1", "link": "https://www.sec.gov/Archives/edgar/data/1467623/000146762319000011/0001467623-19-000011-index.htm", "date": "2019-03-31", "netIncomeRatio": -0.019968879668, "grossProfitRatio": 0.7448132780082988, "interestExpense": 0.0, "eps": -0.02, "epsdiluted": -0.02, "depreciationAndAmortization": 49700000, "costOfRevenue": 98400000, "operatingIncomeRatio": -0.0552385892116, "operatingIncome": -21300000}, {"finalLink": "https://www.sec.gov/Archives/edgar/data/1467623/000146762319000005/a12311810-k.htm", "sellingAndMarketingExpenses": 100200000, "revenue": 376000000, "researchAndDevelopmentExpenses": 136800000, "acceptedDate": "2019-02-22 17:51:52", "fillingDate": "2019-02-25", "weightedAverageShsOutDil": 358600000, "costAndExpenses": 387900000, "ebitda": 36800000, "ebitdaratio": 0.097898377228, "incomeBeforeTaxRatio": -0.0196860867252, "incomeTaxExpense": 2100000.0, "totalOtherIncomeExpensesNet": 0.0, "grossProfit": 281600000, "otherExpenses": 0.0, "incomeBeforeTax": -7400000.0, "operatingExpenses": 293500000, "generalAndAdministrativeExpenses": 56500000, "netIncome": -9500000.0, "symbol": "DBX", "weightedAverageShsOut": 417300000, "period": "FY", "link": "https://www.sec.gov/Archives/edgar/data/1467623/000146762319000005/0001467623-19-000005-index.htm", "date": "2018-12-31", "netIncomeRatio": -0.025272678904, "grossProfitRatio": 0.7489361702127659, "interestExpense": 0.0, "eps": 0.04, "epsdiluted": 0.04, "depreciationAndAmortization": 48800000, "costOfRevenue": 94400000, "operatingIncomeRatio": -0.0319233838787, "operatingIncome": -12000000}, {"finalLink": "https://www.sec.gov/Archives/edgar/data/1467623/000146762318000020/dbx-093018x10q.htm", "sellingAndMarketingExpenses": 95000000, "revenue": 360300000, "researchAndDevelopmentExpenses": 133200000, "acceptedDate": "2018-11-09 16:33:41", "fillingDate": "2018-11-09", "weightedAverageShsOutDil": 342000000, "costAndExpenses": 369200000, "ebitda": 40000000, "ebitdaratio": 0.111018595615, "incomeBeforeTaxRatio": -0.0166527893422, "incomeTaxExpense": -200000.0, "totalOtherIncomeExpensesNet": 1000000.0, "grossProfit": 270100000, "otherExpenses": 0.0, "incomeBeforeTax": -6000000.0, "operatingExpenses": 279000000, "generalAndAdministrativeExpenses": 50800000, "netIncome": -5800000.0, "symbol": "DBX", "weightedAverageShsOut": 417300000, "period": "Q3", "link": "https://www.sec.gov/Archives/edgar/data/1467623/000146762318000020/0001467623-18-000020-index.htm", "date": "2018-09-30", "netIncomeRatio": -0.0160976963641, "grossProfitRatio": 0.7496530668887038, "interestExpense": 0.0, "eps": 0.12, "epsdiluted": 0.12, "depreciationAndAmortization": 48900000, "costOfRevenue": 90200000, "operatingIncomeRatio": -0.0247016375243, "operatingIncome": -8900000.0}, {"finalLink": "https://www.sec.gov/Archives/edgar/data/1467623/000146762318000014/dbx-063018x10q.htm", "sellingAndMarketingExpenses": 87400000, "revenue": 339200000, "researchAndDevelopmentExpenses": 119700000, "acceptedDate": "2018-08-10 15:44:57", "fillingDate": "2018-08-10", "weightedAverageShsOutDil": 310500000, "costAndExpenses": 346400000, "ebitda": 35700000, "ebitdaratio": 0.105247641509, "incomeBeforeTaxRatio": -0.00884433962264, "incomeTaxExpense": 1100000.0, "totalOtherIncomeExpensesNet": 2000000.0, "grossProfit": 249700000, "otherExpenses": 1000000.0, "incomeBeforeTax": -3000000.0, "operatingExpenses": 256900000, "generalAndAdministrativeExpenses": 49800000, "netIncome": -4100000.0, "symbol": "DBX", "weightedAverageShsOut": 417300000, "period": "Q2", "link": "https://www.sec.gov/Archives/edgar/data/1467623/000146762318000014/0001467623-18-000014-index.htm", "date": "2018-06-30", "netIncomeRatio": -0.0120872641509, "grossProfitRatio": 0.7361438679245284, "interestExpense": 0.0, "eps": 0.62, "epsdiluted": 0.62, "depreciationAndAmortization": 42900000, "costOfRevenue": 89500000, "operatingIncomeRatio": -0.0212264150943, "operatingIncome": -7200000.0}, {"finalLink": "processing...", "sellingAndMarketingExpenses": 157000000, "revenue": 316300000, "researchAndDevelopmentExpenses": 378500000, "acceptedDate": null, "fillingDate": null, "weightedAverageShsOutDil": 218800000, "costAndExpenses": 782200000, "ebitda": -427600000, "ebitdaratio": -1.35188112551, "incomeBeforeTaxRatio": -1.46601327853, "incomeTaxExpense": 1800000.0, "totalOtherIncomeExpensesNet": 0.0, "grossProfit": 195700000, "otherExpenses": 0.0, "incomeBeforeTax": -463700000, "operatingExpenses": 661600000, "generalAndAdministrativeExpenses": 126100000, "netIncome": -465500000, "symbol": "DBX", "weightedAverageShsOut": 417300000, "period": "Q1", "link": null, "date": "2018-03-31", "netIncomeRatio": -1.47170407841, "grossProfitRatio": 0.6187164084729687, "interestExpense": 0.0, "eps": -2.13, "epsdiluted": -2.13, "depreciationAndAmortization": 38300000, "costOfRevenue": 120600000, "operatingIncomeRatio": -1.4729687006, "operatingIncome": -465900000}]