[{"finalLink": "https://www.sec.gov/Archives/edgar/data/1645590/000164559020000025/hpe-20200430.htm", "sellingAndMarketingExpenses": 0.0, "revenue": 618000000, "researchAndDevelopmentExpenses": 450000000, "acceptedDate": "2020-06-02 16:43:44", "fillingDate": "2020-06-02", "weightedAverageShsOutDil": 1295000000, "costAndExpenses": 6843000000, "ebitda": -193000000, "ebitdaratio": -0.312297734628, "incomeBeforeTaxRatio": -1.47411003236, "incomeTaxExpense": -90000000, "totalOtherIncomeExpensesNet": 19000000, "grossProfit": -4670000000, "otherExpenses": -36000000, "incomeBeforeTax": -911000000, "operatingExpenses": 1523000000, "generalAndAdministrativeExpenses": 1109000000, "netIncome": -821000000, "symbol": "HPE", "weightedAverageShsOut": 1295000000, "period": "Q2", "link": "https://www.sec.gov/Archives/edgar/data/1645590/000164559020000025/0001645590-20-000025-index.htm", "date": "2020-04-30", "netIncomeRatio": -1.3284789644, "grossProfitRatio": -7.55663430420712, "interestExpense": 0.0, "eps": -0.64, "epsdiluted": -0.63, "depreciationAndAmortization": 641000000, "costOfRevenue": 5288000000, "operatingIncomeRatio": -1.34951456311, "operatingIncome": -834000000}, {"finalLink": "https://www.sec.gov/Archives/edgar/data/1645590/000164559019000044/hpe-10312019x10k.htm", "sellingAndMarketingExpenses": 0.0, "revenue": 6949000000, "researchAndDevelopmentExpenses": 485000000, "acceptedDate": "2020-03-06 18:10:57", "fillingDate": "2020-03-09", "weightedAverageShsOutDil": 1315000000, "costAndExpenses": 6601000000, "ebitda": 1038000000, "ebitdaratio": 0.149374010649, "incomeBeforeTaxRatio": 0.0543963160167, "incomeTaxExpense": 45000000, "totalOtherIncomeExpensesNet": -19000000, "grossProfit": 2355000000, "otherExpenses": -37000000, "incomeBeforeTax": 378000000, "operatingExpenses": 1666000000, "generalAndAdministrativeExpenses": 1218000000, "netIncome": 333000000, "symbol": "HPE", "weightedAverageShsOut": 1300000000, "period": "Q1", "link": "https://www.sec.gov/Archives/edgar/data/1645590/000164559020000009/0001645590-20-000009-index.htm", "date": "2020-01-31", "netIncomeRatio": 0.0479205641099, "grossProfitRatio": 0.33889768311987334, "interestExpense": 0.0, "eps": 0.26, "epsdiluted": 0.25, "depreciationAndAmortization": 690000000, "costOfRevenue": 4594000000, "operatingIncomeRatio": 0.0500791480789, "operatingIncome": 348000000}, {"finalLink": "https://www.sec.gov/Archives/edgar/data/1645590/000164559019000044/hpe-10312019x10k.htm", "sellingAndMarketingExpenses": 0.0, "revenue": 7215000000, "researchAndDevelopmentExpenses": 438000000, "acceptedDate": "2019-12-12 17:49:10", "fillingDate": "2019-12-13", "weightedAverageShsOutDil": 1366000000, "costAndExpenses": 6755000000, "ebitda": 1076000000, "ebitdaratio": 0.149133749134, "incomeBeforeTaxRatio": 0.100207900208, "incomeTaxExpense": 243000000, "totalOtherIncomeExpensesNet": -38000000, "grossProfit": 4178000000, "otherExpenses": -14000000, "incomeBeforeTax": 723000000, "operatingExpenses": 1653000000, "generalAndAdministrativeExpenses": 1229000000, "netIncome": 480000000, "symbol": "HPE", "weightedAverageShsOut": 1353000000, "period": "FY", "link": "https://www.sec.gov/Archives/edgar/data/1645590/000164559019000044/0001645590-19-000044-index.htm", "date": "2019-10-31", "netIncomeRatio": 0.0665280665281, "grossProfitRatio": 0.5790713790713791, "interestExpense": 608000000, "eps": 0.36, "epsdiluted": 0.36, "depreciationAndAmortization": 616000000, "costOfRevenue": 3037000000, "operatingIncomeRatio": 0.0637560637561, "operatingIncome": 460000000}, {"finalLink": "https://www.sec.gov/Archives/edgar/data/1645590/000164559019000030/hpe-07312019x10qq3.htm", "sellingAndMarketingExpenses": 0.0, "revenue": 7217000000, "researchAndDevelopmentExpenses": 481000000, "acceptedDate": "2019-08-30 09:15:55", "fillingDate": "2019-08-30", "weightedAverageShsOutDil": 1380000000, "costAndExpenses": 7293000000, "ebitda": 556000000, "ebitdaratio": 0.0770403214632, "incomeBeforeTaxRatio": -0.0367188582514, "incomeTaxExpense": -238000000, "totalOtherIncomeExpensesNet": -70000000, "grossProfit": 4148000000, "otherExpenses": -12000000, "incomeBeforeTax": -265000000, "operatingExpenses": 1722000000, "generalAndAdministrativeExpenses": 1253000000, "netIncome": -27000000, "symbol": "HPE", "weightedAverageShsOut": 1367000000, "period": "Q3", "link": "https://www.sec.gov/Archives/edgar/data/1645590/000164559019000030/0001645590-19-000030-index.htm", "date": "2019-07-31", "netIncomeRatio": -0.00374116668976, "grossProfitRatio": 0.5747540529305806, "interestExpense": 0.0, "eps": -0.01, "epsdiluted": -0.02, "depreciationAndAmortization": 632000000, "costOfRevenue": 3069000000, "operatingIncomeRatio": -0.010530691423028959, "operatingIncome": -76000000}, {"finalLink": "https://www.sec.gov/Archives/edgar/data/1645590/000164559019000017/hpe-04302019x10qq2.htm", "sellingAndMarketingExpenses": 0.0, "revenue": 7150000000, "researchAndDevelopmentExpenses": 457000000, "acceptedDate": "2019-05-31 08:51:38", "fillingDate": "2019-05-31", "weightedAverageShsOutDil": 1397000000, "costAndExpenses": 6716000000, "ebitda": 1082000000, "ebitdaratio": 0.151328671329, "incomeBeforeTaxRatio": 0.0615384615385, "incomeTaxExpense": 21000000, "totalOtherIncomeExpensesNet": -18000000, "grossProfit": 723000000, "otherExpenses": -17000000, "incomeBeforeTax": 440000000, "operatingExpenses": 1654000000, "generalAndAdministrativeExpenses": 1214000000, "netIncome": 419000000, "symbol": "HPE", "weightedAverageShsOut": 1384000000, "period": "Q2", "link": "https://www.sec.gov/Archives/edgar/data/1645590/000164559019000017/0001645590-19-000017-index.htm", "date": "2019-04-30", "netIncomeRatio": 0.0586013986014, "grossProfitRatio": 0.10111888111888112, "interestExpense": 0.0, "eps": 0.3, "epsdiluted": 0.3, "depreciationAndAmortization": 648000000, "costOfRevenue": 6427000000, "operatingIncomeRatio": 0.0606993006993, "operatingIncome": 434000000}, {"finalLink": "https://www.sec.gov/Archives/edgar/data/1645590/000162828018015054/hpe-10312018x10k.htm", "sellingAndMarketingExpenses": 0.0, "revenue": 7553000000, "researchAndDevelopmentExpenses": 466000000, "acceptedDate": "2019-03-05 17:04:40", "fillingDate": "2019-03-05", "weightedAverageShsOutDil": 1412000000, "costAndExpenses": 7097000000, "ebitda": 1095000000, "ebitdaratio": 0.144975506421, "incomeBeforeTaxRatio": 0.0867205084073, "incomeTaxExpense": 478000000, "totalOtherIncomeExpensesNet": -51000000, "grossProfit": 2419000000, "otherExpenses": -16000000, "incomeBeforeTax": 655000000, "operatingExpenses": 1661000000, "generalAndAdministrativeExpenses": 1211000000, "netIncome": 177000000, "symbol": "HPE", "weightedAverageShsOut": 1401000000, "period": "Q1", "link": "https://www.sec.gov/Archives/edgar/data/1645590/000162828019002482/0001628280-19-002482-index.htm", "date": "2019-01-31", "netIncomeRatio": 0.0234343969284, "grossProfitRatio": 0.3202700913544287, "interestExpense": 0.0, "eps": 0.13, "epsdiluted": 0.13, "depreciationAndAmortization": 639000000, "costOfRevenue": 5134000000, "operatingIncomeRatio": 0.0603733615782, "operatingIncome": 456000000}, {"finalLink": "https://www.sec.gov/Archives/edgar/data/1645590/000162828018015054/hpe-10312018x10k.htm", "sellingAndMarketingExpenses": 0.0, "revenue": 7946000000, "researchAndDevelopmentExpenses": 439000000, "acceptedDate": "2018-12-12 17:19:51", "fillingDate": "2018-12-12", "weightedAverageShsOutDil": 1553000000, "costAndExpenses": 7262000000, "ebitda": 1329000000, "ebitdaratio": 0.167253964259, "incomeBeforeTaxRatio": 0.0724893027939, "incomeTaxExpense": 1348000000, "totalOtherIncomeExpensesNet": -111000000, "grossProfit": 4295000000, "otherExpenses": 0.0, "incomeBeforeTax": 576000000, "operatingExpenses": 1658000000, "generalAndAdministrativeExpenses": 1219000000, "netIncome": -757000000, "symbol": "HPE", "weightedAverageShsOut": 1529000000, "period": "FY", "link": "https://www.sec.gov/Archives/edgar/data/1645590/000162828018015054/0001628280-18-015054-index.htm", "date": "2018-10-31", "netIncomeRatio": -0.095268059401, "grossProfitRatio": 0.5405235338535112, "interestExpense": 631000000, "eps": -0.47, "epsdiluted": -0.46, "depreciationAndAmortization": 645000000, "costOfRevenue": 3651000000, "operatingIncomeRatio": 0.0860810470677, "operatingIncome": 684000000}, {"finalLink": "https://www.sec.gov/Archives/edgar/data/1645590/000162828018011596/hpe-07312018x10qq3.htm", "sellingAndMarketingExpenses": 0.0, "revenue": 7764000000, "researchAndDevelopmentExpenses": 434000000, "acceptedDate": "2018-09-04 16:50:19", "fillingDate": "2018-09-04", "weightedAverageShsOutDil": 1578000000, "costAndExpenses": 7248000000, "ebitda": 1157000000, "ebitdaratio": 0.149021123132, "incomeBeforeTaxRatio": 0.0598918083462, "incomeTaxExpense": 13000000, "totalOtherIncomeExpensesNet": -64000000, "grossProfit": 4249000000, "otherExpenses": 0.0, "incomeBeforeTax": 465000000, "operatingExpenses": 1637000000, "generalAndAdministrativeExpenses": 1203000000, "netIncome": 451000000, "symbol": "HPE", "weightedAverageShsOut": 1552000000, "period": "Q3", "link": "https://www.sec.gov/Archives/edgar/data/1645590/000162828018011596/0001628280-18-011596-index.htm", "date": "2018-07-31", "netIncomeRatio": 0.0580886141164, "grossProfitRatio": 0.5472694487377641, "interestExpense": 0.0, "eps": 0.31, "epsdiluted": 0.31, "depreciationAndAmortization": 641000000, "costOfRevenue": 3515000000, "operatingIncomeRatio": 0.0664605873261, "operatingIncome": 516000000}, {"finalLink": "https://www.sec.gov/Archives/edgar/data/1645590/000162828018007715/hpe-04302018x10qq2.htm", "sellingAndMarketingExpenses": 0.0, "revenue": 7468000000, "researchAndDevelopmentExpenses": 402000000, "acceptedDate": "2018-06-07 17:26:25", "fillingDate": "2018-06-07", "weightedAverageShsOutDil": 1601000000, "costAndExpenses": 7071000000, "ebitda": 1052000000, "ebitdaratio": 0.140867702196, "incomeBeforeTaxRatio": -0.0155329405463, "incomeTaxExpense": -966000000, "totalOtherIncomeExpensesNet": -78000000, "grossProfit": 4148000000, "otherExpenses": 0.0, "incomeBeforeTax": -116000000, "operatingExpenses": 1629000000, "generalAndAdministrativeExpenses": 1227000000, "netIncome": 778000000, "symbol": "HPE", "weightedAverageShsOut": 1571000000, "period": "Q2", "link": "https://www.sec.gov/Archives/edgar/data/1645590/000162828018007715/0001628280-18-007715-index.htm", "date": "2018-04-30", "netIncomeRatio": 0.104177825388, "grossProfitRatio": 0.5554365291912159, "interestExpense": 0.0, "eps": 0.51, "epsdiluted": 0.49, "depreciationAndAmortization": 655000000, "costOfRevenue": 3320000000, "operatingIncomeRatio": 0.0531601499732, "operatingIncome": 397000000}, {"finalLink": "https://www.sec.gov/Archives/edgar/data/1645590/000162828017012383/hpe-10312017x10k.htm", "sellingAndMarketingExpenses": 0.0, "revenue": 7674000000, "researchAndDevelopmentExpenses": 388000000, "acceptedDate": "2018-03-09 17:19:24", "fillingDate": "2018-03-09", "weightedAverageShsOutDil": 1619000000, "costAndExpenses": 7413000000, "ebitda": 896000000, "ebitdaratio": 0.116757883763, "incomeBeforeTaxRatio": -0.0856137607506, "incomeTaxExpense": -2139000000, "totalOtherIncomeExpensesNet": -21000000, "grossProfit": 4081000000, "otherExpenses": 0.0, "incomeBeforeTax": -657000000, "operatingExpenses": 1590000000, "generalAndAdministrativeExpenses": 1202000000, "netIncome": 1436000000, "symbol": "HPE", "weightedAverageShsOut": 1591000000, "period": "Q1", "link": "https://www.sec.gov/Archives/edgar/data/1645590/000162828018003043/0001628280-18-003043-index.htm", "date": "2018-01-31", "netIncomeRatio": 0.187125358353, "grossProfitRatio": 0.5317956737034141, "interestExpense": 0.0, "eps": 0.9, "epsdiluted": 0.89, "depreciationAndAmortization": 635000000, "costOfRevenue": 3593000000, "operatingIncomeRatio": 0.0340109460516, "operatingIncome": 261000000}, {"finalLink": "https://www.sec.gov/Archives/edgar/data/1645590/000162828017012383/hpe-10312017x10k.htm", "sellingAndMarketingExpenses": 0.0, "revenue": 5661000000, "researchAndDevelopmentExpenses": 11000000, "acceptedDate": "2017-12-15 16:40:03", "fillingDate": "2017-12-15", "weightedAverageShsOutDil": 1674000000, "costAndExpenses": 5821000000, "ebitda": 522000000, "ebitdaratio": 0.0922098569157, "incomeBeforeTaxRatio": -0.0402755696873, "incomeTaxExpense": -648000000, "totalOtherIncomeExpensesNet": -67000000, "grossProfit": 2222000000, "otherExpenses": 0.0, "incomeBeforeTax": -228000000, "operatingExpenses": 602000000, "generalAndAdministrativeExpenses": 591000000, "netIncome": 524000000, "symbol": "HPE", "weightedAverageShsOut": 1646000000, "period": "FY", "link": "https://www.sec.gov/Archives/edgar/data/1645590/000162828017012383/0001628280-17-012383-index.htm", "date": "2017-10-31", "netIncomeRatio": 0.0925631513867, "grossProfitRatio": 0.39251015721603955, "interestExpense": 135000000, "eps": 0.32, "epsdiluted": 0.32, "depreciationAndAmortization": 682000000, "costOfRevenue": 3439000000, "operatingIncomeRatio": -0.02826355767532238, "operatingIncome": -160000000}, {"finalLink": "https://www.sec.gov/Archives/edgar/data/1645590/000162828017009143/hpe-07312017x10q.htm", "sellingAndMarketingExpenses": 0.0, "revenue": 8209000000, "researchAndDevelopmentExpenses": 508000000, "acceptedDate": "2017-09-07 17:26:05", "fillingDate": "2017-09-07", "weightedAverageShsOutDil": 1683000000, "costAndExpenses": 8062000000, "ebitda": 884000000, "ebitdaratio": 0.107686685345, "incomeBeforeTaxRatio": 0.0074308685589, "incomeTaxExpense": -187000000, "totalOtherIncomeExpensesNet": -97000000, "grossProfit": 4737000000, "otherExpenses": 0.0, "incomeBeforeTax": 61000000, "operatingExpenses": 2020000000, "generalAndAdministrativeExpenses": 1512000000, "netIncome": 165000000, "symbol": "HPE", "weightedAverageShsOut": 1656000000, "period": "Q3", "link": "https://www.sec.gov/Archives/edgar/data/1645590/000162828017009143/0001628280-17-009143-index.htm", "date": "2017-07-31", "netIncomeRatio": 0.0200998903642, "grossProfitRatio": 0.5770495797295652, "interestExpense": 164000000, "eps": 0.1, "epsdiluted": 0.1, "depreciationAndAmortization": 737000000, "costOfRevenue": 3472000000, "operatingIncomeRatio": 0.0179071750518, "operatingIncome": 147000000}, {"finalLink": "https://www.sec.gov/Archives/edgar/data/1645590/000162828017006325/hpe-04302017x10q.htm", "sellingAndMarketingExpenses": 0.0, "revenue": 3594000000, "researchAndDevelopmentExpenses": 482000000, "acceptedDate": "2017-06-08 17:22:01", "fillingDate": "2017-06-08", "weightedAverageShsOutDil": 1664000000, "costAndExpenses": 3419000000, "ebitda": 967000000, "ebitdaratio": 0.269059543684, "incomeBeforeTaxRatio": 0.0261547022816, "incomeTaxExpense": 593000000, "totalOtherIncomeExpensesNet": -85000000, "grossProfit": 628000000, "otherExpenses": 0.0, "incomeBeforeTax": 94000000, "operatingExpenses": 1626000000, "generalAndAdministrativeExpenses": 1144000000, "netIncome": -612000000, "symbol": "HPE", "weightedAverageShsOut": 1664000000, "period": "Q2", "link": "https://www.sec.gov/Archives/edgar/data/1645590/000162828017006325/0001628280-17-006325-index.htm", "date": "2017-04-30", "netIncomeRatio": -0.170283806344, "grossProfitRatio": 0.17473567056204786, "interestExpense": 142000000, "eps": -0.37, "epsdiluted": -0.37, "depreciationAndAmortization": 792000000, "costOfRevenue": 2966000000, "operatingIncomeRatio": 0.0486922648859, "operatingIncome": 175000000}, {"finalLink": "https://www.sec.gov/Archives/edgar/data/1645590/000162828016022051/hpe-10312016x10k.htm", "sellingAndMarketingExpenses": 0.0, "revenue": 11407000000, "researchAndDevelopmentExpenses": 485000000, "acceptedDate": "2017-03-09 17:21:42", "fillingDate": "2017-03-09", "weightedAverageShsOutDil": 1700000000, "costAndExpenses": 10944000000, "ebitda": 1303000000, "ebitdaratio": 0.114228105549, "incomeBeforeTaxRatio": 0.0302445866573, "incomeTaxExpense": 78000000, "totalOtherIncomeExpensesNet": -78000000, "grossProfit": 8569000000, "otherExpenses": 0.0, "incomeBeforeTax": 345000000, "operatingExpenses": 2244000000, "generalAndAdministrativeExpenses": 1759000000, "netIncome": 267000000, "symbol": "HPE", "weightedAverageShsOut": 1669000000, "period": "Q1", "link": "https://www.sec.gov/Archives/edgar/data/1645590/000162828017002444/0001628280-17-002444-index.htm", "date": "2017-01-31", "netIncomeRatio": 0.0234066801087, "grossProfitRatio": 0.7512054001928641, "interestExpense": 158000000, "eps": 0.16, "epsdiluted": 0.16, "depreciationAndAmortization": 840000000, "costOfRevenue": 2838000000, "operatingIncomeRatio": 0.0405891119488, "operatingIncome": 463000000}, {"finalLink": "https://www.sec.gov/Archives/edgar/data/1645590/000162828016022051/hpe-10312016x10k.htm", "sellingAndMarketingExpenses": 0.0, "revenue": 12478000000, "researchAndDevelopmentExpenses": 534000000, "acceptedDate": "2016-12-15 17:26:55", "fillingDate": "2016-12-15", "weightedAverageShsOutDil": 1739000000, "costAndExpenses": 11701000000, "ebitda": 1649000000, "ebitdaratio": 0.132152588556, "incomeBeforeTaxRatio": 0.0793396377625, "incomeTaxExpense": 688000000, "totalOtherIncomeExpensesNet": -100000000, "grossProfit": 9386000000, "otherExpenses": 0.0, "incomeBeforeTax": 990000000, "operatingExpenses": 2398000000, "generalAndAdministrativeExpenses": 1864000000, "netIncome": 302000000, "symbol": "HPE", "weightedAverageShsOut": 1669000000, "period": "FY", "link": "https://www.sec.gov/Archives/edgar/data/1645590/000162828016022051/0001628280-16-022051-index.htm", "date": "2016-10-31", "netIncomeRatio": 0.02420259657, "grossProfitRatio": 0.752203878826735, "interestExpense": 146000000, "eps": 0.18, "epsdiluted": 0.18, "depreciationAndAmortization": 872000000, "costOfRevenue": 3092000000, "operatingIncomeRatio": 0.0622695944863, "operatingIncome": 777000000}, {"finalLink": "https://www.sec.gov/Archives/edgar/data/1645590/000162828016019456/hpe-07312016x10q.htm", "sellingAndMarketingExpenses": 0.0, "revenue": 12210000000, "researchAndDevelopmentExpenses": 555000000, "acceptedDate": "2016-09-08 17:28:21", "fillingDate": "2016-09-08", "weightedAverageShsOutDil": 1748000000, "costAndExpenses": 9713000000, "ebitda": 3451000000, "ebitdaratio": 0.282637182637, "incomeBeforeTaxRatio": 0.197133497133, "incomeTaxExpense": 135000000, "totalOtherIncomeExpensesNet": -18000000, "grossProfit": 9213000000, "otherExpenses": 0.0, "incomeBeforeTax": 2407000000, "operatingExpenses": 2493000000, "generalAndAdministrativeExpenses": 1938000000, "netIncome": 2272000000, "symbol": "HPE", "weightedAverageShsOut": 1722000000, "period": "Q3", "link": "https://www.sec.gov/Archives/edgar/data/1645590/000162828016019456/0001628280-16-019456-index.htm", "date": "2016-07-31", "netIncomeRatio": 0.186076986077, "grossProfitRatio": 0.7545454545454545, "interestExpense": 144000000, "eps": 1.32, "epsdiluted": 1.31, "depreciationAndAmortization": 954000000, "costOfRevenue": 2997000000, "operatingIncomeRatio": 0.204504504505, "operatingIncome": 2497000000}, {"finalLink": "https://www.sec.gov/Archives/edgar/data/1645590/000104746916013717/a2228788z10-q.htm", "sellingAndMarketingExpenses": 0.0, "revenue": 12711000000, "researchAndDevelopmentExpenses": 624000000, "acceptedDate": "2016-06-08 17:26:24", "fillingDate": "2016-06-08", "weightedAverageShsOutDil": 1765000000, "costAndExpenses": 12219000000, "ebitda": 1452000000, "ebitdaratio": 0.11423176776, "incomeBeforeTaxRatio": 0.0285579419401, "incomeTaxExpense": 43000000, "totalOtherIncomeExpensesNet": -129000000, "grossProfit": 9397000000, "otherExpenses": 0.0, "incomeBeforeTax": 363000000, "operatingExpenses": 2645000000, "generalAndAdministrativeExpenses": 2021000000, "netIncome": 320000000, "symbol": "HPE", "weightedAverageShsOut": 1743000000, "period": "Q2", "link": "https://www.sec.gov/Archives/edgar/data/1645590/000104746916013717/0001047469-16-013717-index.htm", "date": "2016-04-30", "netIncomeRatio": 0.0251750452364, "grossProfitRatio": 0.739280937770435, "interestExpense": 149000000, "eps": 0.19, "epsdiluted": 0.18, "depreciationAndAmortization": 960000000, "costOfRevenue": 3314000000, "operatingIncomeRatio": 0.038706632051, "operatingIncome": 492000000}, {"finalLink": "https://www.sec.gov/Archives/edgar/data/1645590/000104746916010994/a2227444z10-q.htm", "sellingAndMarketingExpenses": 0.0, "revenue": 12724000000, "researchAndDevelopmentExpenses": 585000000, "acceptedDate": "2016-03-10 17:20:44", "fillingDate": "2016-03-10", "weightedAverageShsOutDil": 1778000000, "costAndExpenses": 12340000000, "ebitda": 1373000000, "ebitdaratio": 0.107906318768, "incomeBeforeTaxRatio": 0.0250707324741, "incomeTaxExpense": 52000000, "totalOtherIncomeExpensesNet": -65000000, "grossProfit": 9412000000, "otherExpenses": 0.0, "incomeBeforeTax": 319000000, "operatingExpenses": 2583000000, "generalAndAdministrativeExpenses": 1998000000, "netIncome": 267000000, "symbol": "HPE", "weightedAverageShsOut": 1761000000, "period": "Q1", "link": "https://www.sec.gov/Archives/edgar/data/1645590/000104746916010994/0001047469-16-010994-index.htm", "date": "2016-01-31", "netIncomeRatio": 0.0209839673059, "grossProfitRatio": 0.739704495441685, "interestExpense": 138000000, "eps": 0.15, "epsdiluted": 0.15, "depreciationAndAmortization": 989000000, "costOfRevenue": 3312000000, "operatingIncomeRatio": 0.0301791889343, "operatingIncome": 384000000}, {"finalLink": null, "sellingAndMarketingExpenses": 0.0, "revenue": 52106946811, "researchAndDevelopmentExpenses": 2338000000, "acceptedDate": null, "fillingDate": null, "weightedAverageShsOutDil": 1834000000, "costAndExpenses": 50582110996, "ebitda": 5471435776, "ebitdaratio": 0.105003960333, "incomeBeforeTaxRatio": 0.0282522916443, "incomeTaxExpense": -991000000, "totalOtherIncomeExpensesNet": -53000000, "grossProfit": 39129129752, "otherExpenses": -823153.0, "incomeBeforeTax": 1472140658, "operatingExpenses": 10361293937, "generalAndAdministrativeExpenses": 8024117090, "netIncome": 2463140658, "symbol": "HPE", "weightedAverageShsOut": 1834000000, "period": "FY", "link": null, "date": "2015-10-31", "netIncomeRatio": 0.0472708690251, "grossProfitRatio": 0.750938831513722, "interestExpense": 268571525, "eps": 1.41, "epsdiluted": 1.39, "depreciationAndAmortization": 3946599961, "costOfRevenue": 12977817059, "operatingIncomeRatio": 0.029263580162, "operatingIncome": 1524835815}]