[{"finalLink": "https://www.sec.gov/Archives/edgar/data/1065088/000106508820000018/ebay-20200331.htm", "sellingAndMarketingExpenses": 607000000, "revenue": 2374000000, "researchAndDevelopmentExpenses": 267000000, "acceptedDate": "2020-04-30 17:17:01", "fillingDate": "2020-04-30", "weightedAverageShsOutDil": 757000000, "costAndExpenses": 1745000000, "ebitda": 776000000, "ebitdaratio": 0.326874473463, "incomeBeforeTaxRatio": 0.265796124684, "incomeTaxExpense": 146000000, "totalOtherIncomeExpensesNet": 0.0, "grossProfit": 1848000000, "otherExpenses": 111000000, "incomeBeforeTax": 631000000, "operatingExpenses": 1219000000, "generalAndAdministrativeExpenses": 234000000, "netIncome": 3412000000, "symbol": "EBAY", "weightedAverageShsOut": 753000000, "period": "Q1", "link": "https://www.sec.gov/Archives/edgar/data/1065088/000106508820000018/0001065088-20-000018-index.htm", "date": "2020-03-31", "netIncomeRatio": 1.43723673126, "grossProfitRatio": 0.7784330244313395, "interestExpense": 0.0, "eps": 4.53, "epsdiluted": 4.51, "depreciationAndAmortization": 147000000, "costOfRevenue": 526000000, "operatingIncomeRatio": 0.264953664701, "operatingIncome": 629000000}, {"finalLink": "https://www.sec.gov/Archives/edgar/data/1065088/000106508820000006/ebay201910-k.htm", "sellingAndMarketingExpenses": 829000000, "revenue": 2821000000, "researchAndDevelopmentExpenses": 308000000, "acceptedDate": "2020-01-31 16:53:51", "fillingDate": "2020-01-31", "weightedAverageShsOutDil": 856000000, "costAndExpenses": 2202000000, "ebitda": 786000000, "ebitdaratio": 0.278624601205, "incomeBeforeTaxRatio": 0.224742998937, "incomeTaxExpense": 76000000, "totalOtherIncomeExpensesNet": 0.0, "grossProfit": 2171000000, "otherExpenses": 92000000, "incomeBeforeTax": 634000000, "operatingExpenses": 1552000000, "generalAndAdministrativeExpenses": 323000000, "netIncome": 556000000, "symbol": "EBAY", "weightedAverageShsOut": 849000000, "period": "FY", "link": "https://www.sec.gov/Archives/edgar/data/1065088/000106508820000006/0001065088-20-000006-index.htm", "date": "2019-12-31", "netIncomeRatio": 0.197093229351, "grossProfitRatio": 0.7695852534562212, "interestExpense": 311000000, "eps": 0.67, "epsdiluted": 0.67, "depreciationAndAmortization": 167000000, "costOfRevenue": 650000000, "operatingIncomeRatio": 0.219425735555, "operatingIncome": 619000000}, {"finalLink": "https://www.sec.gov/Archives/edgar/data/1065088/000106508819000043/ebay10-qq32019.htm", "sellingAndMarketingExpenses": 806000000, "revenue": 2649000000, "researchAndDevelopmentExpenses": 313000000, "acceptedDate": "2019-10-24 19:08:46", "fillingDate": "2019-10-24", "weightedAverageShsOutDil": 870000000, "costAndExpenses": 2117000000, "ebitda": 702000000, "ebitdaratio": 0.265005662514, "incomeBeforeTaxRatio": 0.147225368063, "incomeTaxExpense": 80000000, "totalOtherIncomeExpensesNet": 0.0, "grossProfit": 2022000000, "otherExpenses": 88000000, "incomeBeforeTax": 390000000, "operatingExpenses": 1490000000, "generalAndAdministrativeExpenses": 283000000, "netIncome": 310000000, "symbol": "EBAY", "weightedAverageShsOut": 863000000, "period": "Q3", "link": "https://www.sec.gov/Archives/edgar/data/1065088/000106508819000043/0001065088-19-000043-index.htm", "date": "2019-09-30", "netIncomeRatio": 0.117025292563, "grossProfitRatio": 0.7633069082672707, "interestExpense": 0.0, "eps": 0.38, "epsdiluted": 0.38, "depreciationAndAmortization": 170000000, "costOfRevenue": 627000000, "operatingIncomeRatio": 0.200830502076, "operatingIncome": 532000000}, {"finalLink": "https://www.sec.gov/Archives/edgar/data/1065088/000106508819000036/ebay10-qq22019.htm", "sellingAndMarketingExpenses": 817000000, "revenue": 2687000000, "researchAndDevelopmentExpenses": 322000000, "acceptedDate": "2019-07-18 16:20:28", "fillingDate": "2019-07-18", "weightedAverageShsOutDil": 887000000, "costAndExpenses": 2126000000, "ebitda": 736000000, "ebitdaratio": 0.273911425381, "incomeBeforeTaxRatio": 0.189802754001, "incomeTaxExpense": 107000000, "totalOtherIncomeExpensesNet": 0.0, "grossProfit": 2057000000, "otherExpenses": 83000000, "incomeBeforeTax": 510000000, "operatingExpenses": 1496000000, "generalAndAdministrativeExpenses": 274000000, "netIncome": 402000000, "symbol": "EBAY", "weightedAverageShsOut": 880000000, "period": "Q2", "link": "https://www.sec.gov/Archives/edgar/data/1065088/000106508819000036/0001065088-19-000036-index.htm", "date": "2019-06-30", "netIncomeRatio": 0.149609229624, "grossProfitRatio": 0.7655377744696688, "interestExpense": 0.0, "eps": 0.47, "epsdiluted": 0.47, "depreciationAndAmortization": 175000000, "costOfRevenue": 630000000, "operatingIncomeRatio": 0.208783029401, "operatingIncome": 561000000}, {"finalLink": "https://www.sec.gov/Archives/edgar/data/1065088/000106508819000020/ebay10-qq12019.htm", "sellingAndMarketingExpenses": 742000000, "revenue": 2643000000, "researchAndDevelopmentExpenses": 297000000, "acceptedDate": "2019-04-24 16:55:10", "fillingDate": "2019-04-24", "weightedAverageShsOutDil": 908000000, "costAndExpenses": 2034000000, "ebitda": 778000000, "ebitdaratio": 0.294362466894, "incomeBeforeTaxRatio": 0.254634884601, "incomeTaxExpense": 152000000, "totalOtherIncomeExpensesNet": 0.0, "grossProfit": 2042000000, "otherExpenses": 85000000, "incomeBeforeTax": 673000000, "operatingExpenses": 1433000000, "generalAndAdministrativeExpenses": 309000000, "netIncome": 518000000, "symbol": "EBAY", "weightedAverageShsOut": 900000000, "period": "Q1", "link": "https://www.sec.gov/Archives/edgar/data/1065088/000106508819000020/0001065088-19-000020-index.htm", "date": "2019-03-31", "netIncomeRatio": 0.195989405978, "grossProfitRatio": 0.7726068861142641, "interestExpense": 0.0, "eps": 0.58, "epsdiluted": 0.57, "depreciationAndAmortization": 169000000, "costOfRevenue": 601000000, "operatingIncomeRatio": 0.230419977299, "operatingIncome": 609000000}, {"finalLink": "https://www.sec.gov/Archives/edgar/data/1065088/000106508819000006/ebay201810-k.htm", "sellingAndMarketingExpenses": 945000000, "revenue": 2877000000, "researchAndDevelopmentExpenses": 292000000, "acceptedDate": "2019-01-30 17:31:09", "fillingDate": "2019-01-30", "weightedAverageShsOutDil": 991000000, "costAndExpenses": 2196000000, "ebitda": 853000000, "ebitdaratio": 0.296489398679, "incomeBeforeTaxRatio": 0.179353493222, "incomeTaxExpense": 247000000, "totalOtherIncomeExpensesNet": 0.0, "grossProfit": 2259000000, "otherExpenses": 96000000, "incomeBeforeTax": 516000000, "operatingExpenses": 1578000000, "generalAndAdministrativeExpenses": 245000000, "netIncome": 760000000, "symbol": "EBAY", "weightedAverageShsOut": 980000000, "period": "FY", "link": "https://www.sec.gov/Archives/edgar/data/1065088/000106508819000006/0001065088-19-000006-index.htm", "date": "2018-12-31", "netIncomeRatio": 0.264164059784, "grossProfitRatio": 0.7851929092805006, "interestExpense": 326000000, "eps": 0.8, "epsdiluted": 0.79, "depreciationAndAmortization": 172000000, "costOfRevenue": 618000000, "operatingIncomeRatio": 0.236704900938, "operatingIncome": 681000000}, {"finalLink": "https://www.sec.gov/Archives/edgar/data/1065088/000106508818000045/ebay10-qq32018.htm", "sellingAndMarketingExpenses": 852000000, "revenue": 2649000000, "researchAndDevelopmentExpenses": 307000000, "acceptedDate": "2018-10-31 16:21:11", "fillingDate": "2018-10-31", "weightedAverageShsOutDil": 1005000000, "costAndExpenses": 2093000000, "ebitda": 731000000, "ebitdaratio": 0.275953189883, "incomeBeforeTaxRatio": 0.357870894677, "incomeTaxExpense": 228000000, "totalOtherIncomeExpensesNet": 0.0, "grossProfit": 2041000000, "otherExpenses": 78000000, "incomeBeforeTax": 948000000, "operatingExpenses": 1485000000, "generalAndAdministrativeExpenses": 248000000, "netIncome": 721000000, "symbol": "EBAY", "weightedAverageShsOut": 992000000, "period": "Q3", "link": "https://www.sec.gov/Archives/edgar/data/1065088/000106508818000045/0001065088-18-000045-index.htm", "date": "2018-09-30", "netIncomeRatio": 0.272178180445, "grossProfitRatio": 0.7704794261985655, "interestExpense": 0.0, "eps": 0.74, "epsdiluted": 0.73, "depreciationAndAmortization": 175000000, "costOfRevenue": 608000000, "operatingIncomeRatio": 0.209890524726, "operatingIncome": 556000000}, {"finalLink": "https://www.sec.gov/Archives/edgar/data/1065088/000106508818000032/ebay10-qq22018.htm", "sellingAndMarketingExpenses": 838000000, "revenue": 2640000000, "researchAndDevelopmentExpenses": 352000000, "acceptedDate": "2018-07-19 17:06:48", "fillingDate": "2018-07-19", "weightedAverageShsOutDil": 1016000000, "costAndExpenses": 2234000000, "ebitda": 576000000, "ebitdaratio": 0.218181818182, "incomeBeforeTaxRatio": 0.267803030303, "incomeTaxExpense": 69000000, "totalOtherIncomeExpensesNet": 0.0, "grossProfit": 2043000000, "otherExpenses": 79000000, "incomeBeforeTax": 707000000, "operatingExpenses": 1637000000, "generalAndAdministrativeExpenses": 368000000, "netIncome": 642000000, "symbol": "EBAY", "weightedAverageShsOut": 1001000000, "period": "Q2", "link": "https://www.sec.gov/Archives/edgar/data/1065088/000106508818000032/0001065088-18-000032-index.htm", "date": "2018-06-30", "netIncomeRatio": 0.243181818182, "grossProfitRatio": 0.7738636363636363, "interestExpense": 0.0, "eps": 0.64, "epsdiluted": 0.63, "depreciationAndAmortization": 170000000, "costOfRevenue": 597000000, "operatingIncomeRatio": 0.153787878788, "operatingIncome": 406000000}, {"finalLink": "https://www.sec.gov/Archives/edgar/data/1065088/000106508818000020/ebay10-qq12018.htm", "sellingAndMarketingExpenses": 756000000, "revenue": 2580000000, "researchAndDevelopmentExpenses": 334000000, "acceptedDate": "2018-04-26 16:32:47", "fillingDate": "2018-04-26", "weightedAverageShsOutDil": 1029000000, "costAndExpenses": 2001000000, "ebitda": 758000000, "ebitdaratio": 0.293798449612, "incomeBeforeTaxRatio": 0.212015503876, "incomeTaxExpense": 140000000, "totalOtherIncomeExpensesNet": 0.0, "grossProfit": 2021000000, "otherExpenses": 82000000, "incomeBeforeTax": 547000000, "operatingExpenses": 1442000000, "generalAndAdministrativeExpenses": 270000000, "netIncome": 407000000, "symbol": "EBAY", "weightedAverageShsOut": 1010000000, "period": "Q1", "link": "https://www.sec.gov/Archives/edgar/data/1065088/000106508818000020/0001065088-18-000020-index.htm", "date": "2018-03-31", "netIncomeRatio": 0.157751937984, "grossProfitRatio": 0.7833333333333333, "interestExpense": 0.0, "eps": 0.4, "epsdiluted": 0.4, "depreciationAndAmortization": 179000000, "costOfRevenue": 559000000, "operatingIncomeRatio": 0.224418604651, "operatingIncome": 579000000}, {"finalLink": "https://www.sec.gov/Archives/edgar/data/1065088/000106508818000009/ebay201710-k.htm", "sellingAndMarketingExpenses": 689000000, "revenue": 2613000000, "researchAndDevelopmentExpenses": 317000000, "acceptedDate": "2018-02-05 08:57:23", "fillingDate": "2018-02-05", "weightedAverageShsOutDil": 1064000000, "costAndExpenses": 1950000000, "ebitda": 835000000, "ebitdaratio": 0.319556065825, "incomeBeforeTaxRatio": 0.214695752009, "incomeTaxExpense": 3158000000, "totalOtherIncomeExpensesNet": 0.0, "grossProfit": 2023000000, "otherExpenses": 89000000, "incomeBeforeTax": 561000000, "operatingExpenses": 1360000000, "generalAndAdministrativeExpenses": 265000000, "netIncome": -2601000000, "symbol": "EBAY", "weightedAverageShsOut": 1064000000, "period": "FY", "link": "https://www.sec.gov/Archives/edgar/data/1065088/000106508818000009/0001065088-18-000009-index.htm", "date": "2017-12-31", "netIncomeRatio": -0.9954075774971297, "grossProfitRatio": 0.7742058936088787, "interestExpense": 292000000, "eps": -2.43, "epsdiluted": -2.4, "depreciationAndAmortization": 172000000, "costOfRevenue": 590000000, "operatingIncomeRatio": 0.253731343284, "operatingIncome": 663000000}, {"finalLink": "https://www.sec.gov/Archives/edgar/data/1065088/000106508817000051/ebay10-qq32017.htm", "sellingAndMarketingExpenses": 627000000, "revenue": 2409000000, "researchAndDevelopmentExpenses": 316000000, "acceptedDate": "2017-10-19 19:25:20", "fillingDate": "2017-10-20", "weightedAverageShsOutDil": 1091000000, "costAndExpenses": 1831000000, "ebitda": 751000000, "ebitdaratio": 0.311747613117, "incomeBeforeTaxRatio": 0.289331672893, "incomeTaxExpense": 174000000, "totalOtherIncomeExpensesNet": 0.0, "grossProfit": 1853000000, "otherExpenses": 78000000, "incomeBeforeTax": 697000000, "operatingExpenses": 1275000000, "generalAndAdministrativeExpenses": 254000000, "netIncome": 523000000, "symbol": "EBAY", "weightedAverageShsOut": 1074000000, "period": "Q3", "link": "https://www.sec.gov/Archives/edgar/data/1065088/000106508817000051/0001065088-17-000051-index.htm", "date": "2017-09-30", "netIncomeRatio": 0.217102532171, "grossProfitRatio": 0.7691988376919884, "interestExpense": 0.0, "eps": 0.5, "epsdiluted": 0.48, "depreciationAndAmortization": 173000000, "costOfRevenue": 556000000, "operatingIncomeRatio": 0.239933582399, "operatingIncome": 578000000}, {"finalLink": "https://www.sec.gov/Archives/edgar/data/1065088/000106508817000029/ebay10-qq22017.htm", "sellingAndMarketingExpenses": 637000000, "revenue": 2328000000, "researchAndDevelopmentExpenses": 313000000, "acceptedDate": "2017-07-21 17:07:10", "fillingDate": "2017-07-21", "weightedAverageShsOutDil": 1097000000, "costAndExpenses": 1850000000, "ebitda": 646000000, "ebitdaratio": 0.277491408935, "incomeBeforeTaxRatio": 0.197594501718, "incomeTaxExpense": 433000000, "totalOtherIncomeExpensesNet": 0.0, "grossProfit": 1767000000, "otherExpenses": 72000000, "incomeBeforeTax": 460000000, "operatingExpenses": 1289000000, "generalAndAdministrativeExpenses": 267000000, "netIncome": 27000000, "symbol": "EBAY", "weightedAverageShsOut": 1080000000, "period": "Q2", "link": "https://www.sec.gov/Archives/edgar/data/1065088/000106508817000029/0001065088-17-000029-index.htm", "date": "2017-06-30", "netIncomeRatio": 0.0115979381443, "grossProfitRatio": 0.759020618556701, "interestExpense": 0.0, "eps": 0.02, "epsdiluted": 0.03, "depreciationAndAmortization": 168000000, "costOfRevenue": 561000000, "operatingIncomeRatio": 0.205326460481, "operatingIncome": 478000000}, {"finalLink": "https://www.sec.gov/Archives/edgar/data/1065088/000106508817000013/ebay10-qq12017.htm", "sellingAndMarketingExpenses": 562000000, "revenue": 2217000000, "researchAndDevelopmentExpenses": 278000000, "acceptedDate": "2017-04-20 17:04:33", "fillingDate": "2017-04-20", "weightedAverageShsOutDil": 1102000000, "costAndExpenses": 1671000000, "ebitda": 709000000, "ebitdaratio": 0.319801533604, "incomeBeforeTaxRatio": 0.251691474966, "incomeTaxExpense": 477000000, "totalOtherIncomeExpensesNet": 0.0, "grossProfit": 1702000000, "otherExpenses": 71000000, "incomeBeforeTax": 558000000, "operatingExpenses": 1156000000, "generalAndAdministrativeExpenses": 245000000, "netIncome": 1035000000, "symbol": "EBAY", "weightedAverageShsOut": 1083000000, "period": "Q1", "link": "https://www.sec.gov/Archives/edgar/data/1065088/000106508817000013/0001065088-17-000013-index.htm", "date": "2017-03-31", "netIncomeRatio": 0.466847090663, "grossProfitRatio": 0.7677041046459179, "interestExpense": 0.0, "eps": 0.96, "epsdiluted": 0.94, "depreciationAndAmortization": 163000000, "costOfRevenue": 515000000, "operatingIncomeRatio": 0.246278755074, "operatingIncome": 546000000}, {"finalLink": "https://www.sec.gov/Archives/edgar/data/1065088/000106508817000007/ebay201610-k.htm", "sellingAndMarketingExpenses": 608000000, "revenue": 2395000000, "researchAndDevelopmentExpenses": 292000000, "acceptedDate": "2017-02-06 17:09:13", "fillingDate": "2017-02-06", "weightedAverageShsOutDil": 1144000000, "costAndExpenses": 1757000000, "ebitda": 814000000, "ebitdaratio": 0.33987473904, "incomeBeforeTaxRatio": 0.836743215031, "incomeTaxExpense": 3944000000, "totalOtherIncomeExpensesNet": 0.0, "grossProfit": 1856000000, "otherExpenses": 69000000, "incomeBeforeTax": 2004000000, "operatingExpenses": 1218000000, "generalAndAdministrativeExpenses": 249000000, "netIncome": 5936000000, "symbol": "EBAY", "weightedAverageShsOut": 1133000000, "period": "FY", "link": "https://www.sec.gov/Archives/edgar/data/1065088/000106508817000007/0001065088-17-000007-index.htm", "date": "2016-12-31", "netIncomeRatio": 2.47849686848, "grossProfitRatio": 0.7749478079331942, "interestExpense": 225000000, "eps": 5.25, "epsdiluted": 5.2, "depreciationAndAmortization": 176000000, "costOfRevenue": 539000000, "operatingIncomeRatio": 0.266388308977, "operatingIncome": 638000000}, {"finalLink": "https://www.sec.gov/Archives/edgar/data/1065088/000106508816000332/ebay10-qq32016.htm", "sellingAndMarketingExpenses": 600000000, "revenue": 2217000000, "researchAndDevelopmentExpenses": 288000000, "acceptedDate": "2016-10-20 17:00:38", "fillingDate": "2016-10-20", "weightedAverageShsOutDil": 1153000000, "costAndExpenses": 1675000000, "ebitda": 714000000, "ebitdaratio": 0.322056833559, "incomeBeforeTaxRatio": 0.240414975192, "incomeTaxExpense": 115000000, "totalOtherIncomeExpensesNet": 0.0, "grossProfit": 1719000000, "otherExpenses": 65000000, "incomeBeforeTax": 533000000, "operatingExpenses": 1177000000, "generalAndAdministrativeExpenses": 224000000, "netIncome": 413000000, "symbol": "EBAY", "weightedAverageShsOut": 1143000000, "period": "Q3", "link": "https://www.sec.gov/Archives/edgar/data/1065088/000106508816000332/0001065088-16-000332-index.htm", "date": "2016-09-30", "netIncomeRatio": 0.186287776274, "grossProfitRatio": 0.7753721244925575, "interestExpense": 0.0, "eps": 0.36, "epsdiluted": 0.36, "depreciationAndAmortization": 172000000, "costOfRevenue": 498000000, "operatingIncomeRatio": 0.244474515111, "operatingIncome": 542000000}, {"finalLink": "https://www.sec.gov/Archives/edgar/data/1065088/000106508816000317/ebay10-qq22016.htm", "sellingAndMarketingExpenses": 622000000, "revenue": 2230000000, "researchAndDevelopmentExpenses": 295000000, "acceptedDate": "2016-07-21 17:07:05", "fillingDate": "2016-07-21", "weightedAverageShsOutDil": 1159000000, "costAndExpenses": 1699000000, "ebitda": 698000000, "ebitdaratio": 0.313004484305, "incomeBeforeTaxRatio": 0.234529147982, "incomeTaxExpense": 86000000, "totalOtherIncomeExpensesNet": 0.0, "grossProfit": 1737000000, "otherExpenses": 71000000, "incomeBeforeTax": 523000000, "operatingExpenses": 1206000000, "generalAndAdministrativeExpenses": 218000000, "netIncome": 435000000, "symbol": "EBAY", "weightedAverageShsOut": 1151000000, "period": "Q2", "link": "https://www.sec.gov/Archives/edgar/data/1065088/000106508816000317/0001065088-16-000317-index.htm", "date": "2016-06-30", "netIncomeRatio": 0.195067264574, "grossProfitRatio": 0.7789237668161435, "interestExpense": 0.0, "eps": 0.38, "epsdiluted": 0.38, "depreciationAndAmortization": 167000000, "costOfRevenue": 493000000, "operatingIncomeRatio": 0.238116591928, "operatingIncome": 531000000}, {"finalLink": "https://www.sec.gov/Archives/edgar/data/1065088/000106508816000296/ebay10-qq12016.htm", "sellingAndMarketingExpenses": 538000000, "revenue": 2137000000, "researchAndDevelopmentExpenses": 239000000, "acceptedDate": "2016-04-26 21:05:54", "fillingDate": "2016-04-27", "weightedAverageShsOutDil": 1170000000, "costAndExpenses": 1523000000, "ebitda": 781000000, "ebitdaratio": 0.36546560599, "incomeBeforeTaxRatio": 0.276555919513, "incomeTaxExpense": 109000000, "totalOtherIncomeExpensesNet": 0.0, "grossProfit": 1660000000, "otherExpenses": 60000000, "incomeBeforeTax": 591000000, "operatingExpenses": 1046000000, "generalAndAdministrativeExpenses": 209000000, "netIncome": 482000000, "symbol": "EBAY", "weightedAverageShsOut": 1159000000, "period": "Q1", "link": "https://www.sec.gov/Archives/edgar/data/1065088/000106508816000296/0001065088-16-000296-index.htm", "date": "2016-03-31", "netIncomeRatio": 0.225549836219, "grossProfitRatio": 0.7767898923724847, "interestExpense": 0.0, "eps": 0.42, "epsdiluted": 0.41, "depreciationAndAmortization": 167000000, "costOfRevenue": 477000000, "operatingIncomeRatio": 0.287318671034, "operatingIncome": 614000000}, {"finalLink": "https://www.sec.gov/Archives/edgar/data/1065088/000106508816000265/ebay201510-k.htm", "sellingAndMarketingExpenses": 595000000, "revenue": 2322000000, "researchAndDevelopmentExpenses": 229000000, "acceptedDate": "2016-02-01 17:30:13", "fillingDate": "2016-02-01", "weightedAverageShsOutDil": 1220000000, "costAndExpenses": 1660000000, "ebitda": 833000000, "ebitdaratio": 0.358742463394, "incomeBeforeTaxRatio": 0.279931093885, "incomeTaxExpense": 127000000, "totalOtherIncomeExpensesNet": 0.0, "grossProfit": 1829000000, "otherExpenses": 83000000, "incomeBeforeTax": 650000000, "operatingExpenses": 1167000000, "generalAndAdministrativeExpenses": 260000000, "netIncome": 477000000, "symbol": "EBAY", "weightedAverageShsOut": 1208000000, "period": "FY", "link": "https://www.sec.gov/Archives/edgar/data/1065088/000106508816000265/0001065088-16-000265-index.htm", "date": "2015-12-31", "netIncomeRatio": 0.205426356589, "grossProfitRatio": 0.7876830318690784, "interestExpense": 144000000, "eps": 0.4, "epsdiluted": 0.4, "depreciationAndAmortization": 171000000, "costOfRevenue": 493000000, "operatingIncomeRatio": 0.285099052541, "operatingIncome": 662000000}, {"finalLink": "https://www.sec.gov/Archives/edgar/data/1065088/000106508815000252/ebay10-qq32015.htm", "sellingAndMarketingExpenses": 72000000, "revenue": 6270000000, "researchAndDevelopmentExpenses": -241000000, "acceptedDate": "2015-10-27 21:58:00", "fillingDate": "2015-10-28", "weightedAverageShsOutDil": 1226000000, "costAndExpenses": 4735000000, "ebitda": 1417000000, "ebitdaratio": 0.0544098288723, "incomeBeforeTaxRatio": 0.2800637958532695, "incomeTaxExpense": 9000000.0, "totalOtherIncomeExpensesNet": 0.0, "grossProfit": 4992000000, "otherExpenses": 923000000, "incomeBeforeTax": 80000000, "operatingExpenses": 3457000000, "generalAndAdministrativeExpenses": 862000000, "netIncome": 539000000, "symbol": "EBAY", "weightedAverageShsOut": 1214000000, "period": "Q3", "link": "https://www.sec.gov/Archives/edgar/data/1065088/000106508815000252/0001065088-15-000252-index.htm", "date": "2015-09-30", "netIncomeRatio": 0.19904306220095694, "grossProfitRatio": 0.7961722488038278, "interestExpense": 0.0, "eps": 0.45, "epsdiluted": 0.44, "depreciationAndAmortization": -118000000, "costOfRevenue": 1278000000, "operatingIncomeRatio": 0.00263273365511, "operatingIncome": 1535000000}, {"finalLink": "https://www.sec.gov/Archives/edgar/data/1065088/000106508815000186/ebay10-qq22015.htm", "sellingAndMarketingExpenses": 806000000, "revenue": 4101000000, "researchAndDevelopmentExpenses": 450000000, "acceptedDate": "2015-07-21 17:14:30", "fillingDate": "2015-07-21", "weightedAverageShsOutDil": 1227000000, "costAndExpenses": 3292000000, "ebitda": 1062000000, "ebitdaratio": 0.258961228969, "incomeBeforeTaxRatio": 0.228237015362, "incomeTaxExpense": 209000000, "totalOtherIncomeExpensesNet": 0.0, "grossProfit": 2966000000, "otherExpenses": 244000000, "incomeBeforeTax": 936000000, "operatingExpenses": 2157000000, "generalAndAdministrativeExpenses": 657000000, "netIncome": 83000000, "symbol": "EBAY", "weightedAverageShsOut": 1217000000, "period": "Q2", "link": "https://www.sec.gov/Archives/edgar/data/1065088/000106508815000186/0001065088-15-000186-index.htm", "date": "2015-06-30", "netIncomeRatio": 0.0202389661058, "grossProfitRatio": 0.7232382345769325, "interestExpense": 0.0, "eps": 0.07, "epsdiluted": 0.07, "depreciationAndAmortization": 253000000, "costOfRevenue": 1135000000, "operatingIncomeRatio": 0.197268958791, "operatingIncome": 809000000}, {"finalLink": "https://www.sec.gov/Archives/edgar/data/1065088/000106508815000116/ebay10-qq12015.htm", "sellingAndMarketingExpenses": 794000000, "revenue": 4448000000, "researchAndDevelopmentExpenses": 485000000, "acceptedDate": "2015-04-23 16:44:59", "fillingDate": "2015-04-23", "weightedAverageShsOutDil": 1229000000, "costAndExpenses": 3716000000, "ebitda": 1113000000, "ebitdaratio": 0.250224820144, "incomeBeforeTaxRatio": 0.166366906475, "incomeTaxExpense": 114000000, "totalOtherIncomeExpensesNet": 0.0, "grossProfit": 2998000000, "otherExpenses": 322000000, "incomeBeforeTax": 740000000, "operatingExpenses": 2266000000, "generalAndAdministrativeExpenses": 665000000, "netIncome": 626000000, "symbol": "EBAY", "weightedAverageShsOut": 1216000000, "period": "Q1", "link": "https://www.sec.gov/Archives/edgar/data/1065088/000106508815000116/0001065088-15-000116-index.htm", "date": "2015-03-31", "netIncomeRatio": 0.140737410072, "grossProfitRatio": 0.6740107913669064, "interestExpense": 0.0, "eps": 0.51, "epsdiluted": 0.51, "depreciationAndAmortization": 381000000, "costOfRevenue": 1450000000, "operatingIncomeRatio": 0.164568345324, "operatingIncome": 732000000}, {"finalLink": "https://www.sec.gov/Archives/edgar/data/1065088/000106508815000054/ebay201410-k.htm", "sellingAndMarketingExpenses": 945000000, "revenue": 4921000000, "researchAndDevelopmentExpenses": 509000000, "acceptedDate": "2015-02-05 19:54:38", "fillingDate": "2015-02-06", "weightedAverageShsOutDil": 1262000000, "costAndExpenses": 3860000000, "ebitda": 1431000000, "ebitdaratio": 0.290794553952, "incomeBeforeTaxRatio": 0.710424710425, "incomeTaxExpense": 31000000, "totalOtherIncomeExpensesNet": 0.0, "grossProfit": 3321000000, "otherExpenses": 331000000, "incomeBeforeTax": 3496000000, "operatingExpenses": 2260000000, "generalAndAdministrativeExpenses": 475000000, "netIncome": 1023000000, "symbol": "EBAY", "weightedAverageShsOut": 1251000000, "period": "FY", "link": "https://www.sec.gov/Archives/edgar/data/1065088/000106508815000054/0001065088-15-000054-index.htm", "date": "2014-12-31", "netIncomeRatio": 0.207884576306, "grossProfitRatio": 0.6748628327575696, "interestExpense": 123000000, "eps": 0.82, "epsdiluted": 0.82, "depreciationAndAmortization": 370000000, "costOfRevenue": 1600000000, "operatingIncomeRatio": 0.215606584028, "operatingIncome": 1061000000}, {"finalLink": "https://www.sec.gov/Archives/edgar/data/1065088/000106508814000156/ebay10-qq32014.htm", "sellingAndMarketingExpenses": 923000000, "revenue": 4353000000, "researchAndDevelopmentExpenses": 511000000, "acceptedDate": "2014-10-16 09:02:07", "fillingDate": "2014-10-16", "weightedAverageShsOutDil": 1258000000, "costAndExpenses": 3572000000, "ebitda": 1146000000, "ebitdaratio": 0.263266712612, "incomeBeforeTaxRatio": 0.18401102687801515, "incomeTaxExpense": 128000000, "totalOtherIncomeExpensesNet": 0.0, "grossProfit": 2964000000, "otherExpenses": 307000000, "incomeBeforeTax": 801000000, "operatingExpenses": 2183000000, "generalAndAdministrativeExpenses": 442000000, "netIncome": 673000000, "symbol": "EBAY", "weightedAverageShsOut": 1258000000, "period": "Q3", "link": "https://www.sec.gov/Archives/edgar/data/1065088/000106508814000156/0001065088-14-000156-index.htm", "date": "2014-09-30", "netIncomeRatio": 0.154606018838, "grossProfitRatio": 0.6809097174362508, "interestExpense": 0.0, "eps": 0.52, "epsdiluted": 0.52, "depreciationAndAmortization": 365000000, "costOfRevenue": 1389000000, "operatingIncomeRatio": 0.179416494372, "operatingIncome": 781000000}, {"finalLink": "https://www.sec.gov/Archives/edgar/data/1065088/000106508814000120/ebay10-qq22014.htm", "sellingAndMarketingExpenses": 914000000, "revenue": 4366000000, "researchAndDevelopmentExpenses": 500000000, "acceptedDate": "2014-07-18 16:26:30", "fillingDate": "2014-07-18", "weightedAverageShsOutDil": 1267000000, "costAndExpenses": 3572000000, "ebitda": 1167000000, "ebitdaratio": 0.267292716445, "incomeBeforeTaxRatio": 0.183921209345, "incomeTaxExpense": 127000000, "totalOtherIncomeExpensesNet": 0.0, "grossProfit": 2974000000, "otherExpenses": 305000000, "incomeBeforeTax": 803000000, "operatingExpenses": 2180000000, "generalAndAdministrativeExpenses": 461000000, "netIncome": 676000000, "symbol": "EBAY", "weightedAverageShsOut": 1267000000, "period": "Q2", "link": "https://www.sec.gov/Archives/edgar/data/1065088/000106508814000120/0001065088-14-000120-index.htm", "date": "2014-06-30", "netIncomeRatio": 0.154832798901, "grossProfitRatio": 0.6811726981218507, "interestExpense": 0.0, "eps": 0.52, "epsdiluted": 0.52, "depreciationAndAmortization": 373000000, "costOfRevenue": 1392000000, "operatingIncomeRatio": 0.181859825928, "operatingIncome": 794000000}, {"finalLink": "https://www.sec.gov/Archives/edgar/data/1065088/000106508814000060/ebay10-qq12014.htm", "sellingAndMarketingExpenses": 805000000, "revenue": 4262000000, "researchAndDevelopmentExpenses": 480000000, "acceptedDate": "2014-04-30 17:53:32", "fillingDate": "2014-05-01", "weightedAverageShsOutDil": 1276000000, "costAndExpenses": 3384000000, "ebitda": 1260000000, "ebitdaratio": 0.295635851713, "incomeBeforeTaxRatio": 0.2048334115438761, "incomeTaxExpense": 3199000000, "totalOtherIncomeExpensesNet": 0.0, "grossProfit": 2911000000, "otherExpenses": 283000000, "incomeBeforeTax": 873000000, "operatingExpenses": 2033000000, "generalAndAdministrativeExpenses": 465000000, "netIncome": -2326000000, "symbol": "EBAY", "weightedAverageShsOut": 1276000000, "period": "Q1", "link": "https://www.sec.gov/Archives/edgar/data/1065088/000106508814000060/0001065088-14-000060-index.htm", "date": "2014-03-31", "netIncomeRatio": -0.5457531675269827, "grossProfitRatio": 0.6830126701079305, "interestExpense": 0.0, "eps": -1.82, "epsdiluted": -1.82, "depreciationAndAmortization": 382000000, "costOfRevenue": 1351000000, "operatingIncomeRatio": 0.206006569686, "operatingIncome": 878000000}, {"finalLink": "https://www.sec.gov/Archives/edgar/data/1065088/000106508814000010/ebay201310-k.htm", "sellingAndMarketingExpenses": 837000000, "revenue": 4530000000, "researchAndDevelopmentExpenses": 450000000, "acceptedDate": "2014-01-31 16:06:53", "fillingDate": "2014-01-31", "weightedAverageShsOutDil": 1313000000, "costAndExpenses": 3508000000, "ebitda": 1389000000, "ebitdaratio": 0.306622516556, "incomeBeforeTaxRatio": 0.00110375275938, "incomeTaxExpense": 178000000, "totalOtherIncomeExpensesNet": 0.0, "grossProfit": 3081000000, "otherExpenses": 311000000, "incomeBeforeTax": 5000000.0, "operatingExpenses": 2059000000, "generalAndAdministrativeExpenses": 461000000, "netIncome": 850000000, "symbol": "EBAY", "weightedAverageShsOut": 1295000000, "period": "FY", "link": "https://www.sec.gov/Archives/edgar/data/1065088/000106508814000010/0001065088-14-000010-index.htm", "date": "2013-12-31", "netIncomeRatio": 0.187637969095, "grossProfitRatio": 0.6801324503311258, "interestExpense": 100000000, "eps": 0.65, "epsdiluted": 0.65, "depreciationAndAmortization": 367000000, "costOfRevenue": 1449000000, "operatingIncomeRatio": 0.225607064018, "operatingIncome": 1022000000}, {"finalLink": "https://www.sec.gov/Archives/edgar/data/1065088/000106508813000162/ebay10-qq32013.htm", "sellingAndMarketingExpenses": 755000000, "revenue": 3892000000, "researchAndDevelopmentExpenses": 433000000, "acceptedDate": "2013-10-18 17:12:08", "fillingDate": "2013-10-18", "weightedAverageShsOutDil": 1314000000, "costAndExpenses": 3093000000, "ebitda": 1156000000, "ebitdaratio": 0.297019527235, "incomeBeforeTaxRatio": 0.625385405961, "incomeTaxExpense": 184000000, "totalOtherIncomeExpensesNet": 0.0, "grossProfit": 2668000000, "otherExpenses": 266000000, "incomeBeforeTax": 2434000000, "operatingExpenses": 1869000000, "generalAndAdministrativeExpenses": 415000000, "netIncome": 689000000, "symbol": "EBAY", "weightedAverageShsOut": 1296000000, "period": "Q3", "link": "https://www.sec.gov/Archives/edgar/data/1065088/000106508813000162/0001065088-13-000162-index.htm", "date": "2013-09-30", "netIncomeRatio": 0.177029804728, "grossProfitRatio": 0.6855087358684481, "interestExpense": 0.0, "eps": 0.53, "epsdiluted": 0.53, "depreciationAndAmortization": 357000000, "costOfRevenue": 1224000000, "operatingIncomeRatio": 0.20529290853, "operatingIncome": 799000000}, {"finalLink": "https://www.sec.gov/Archives/edgar/data/1065088/000106508813000116/ebay10-qq22013.htm", "sellingAndMarketingExpenses": 771000000, "revenue": 3877000000, "researchAndDevelopmentExpenses": 451000000, "acceptedDate": "2013-07-19 16:38:08", "fillingDate": "2013-07-19", "weightedAverageShsOutDil": 1316000000, "costAndExpenses": 3127000000, "ebitda": 1097000000, "ebitdaratio": 0.282950735104, "incomeBeforeTaxRatio": 0.19499613102914626, "incomeTaxExpense": 116000000, "totalOtherIncomeExpensesNet": 0.0, "grossProfit": 2666000000, "otherExpenses": 275000000, "incomeBeforeTax": 756000000, "operatingExpenses": 1916000000, "generalAndAdministrativeExpenses": 419000000, "netIncome": 640000000, "symbol": "EBAY", "weightedAverageShsOut": 1296000000, "period": "Q2", "link": "https://www.sec.gov/Archives/edgar/data/1065088/000106508813000116/0001065088-13-000116-index.htm", "date": "2013-06-30", "netIncomeRatio": 0.16507608976, "grossProfitRatio": 0.6876450864070157, "interestExpense": 0.0, "eps": 0.5, "epsdiluted": 0.49, "depreciationAndAmortization": 347000000, "costOfRevenue": 1211000000, "operatingIncomeRatio": 0.193448542688, "operatingIncome": 750000000}, {"finalLink": "https://www.sec.gov/Archives/edgar/data/1065088/000106508813000058/ebay10-qq12013.htm", "sellingAndMarketingExpenses": 697000000, "revenue": 3748000000, "researchAndDevelopmentExpenses": 434000000, "acceptedDate": "2013-04-19 17:26:27", "fillingDate": "2013-04-19", "weightedAverageShsOutDil": 1319000000, "costAndExpenses": 2948000000, "ebitda": 1129000000, "ebitdaratio": 0.301227321238, "incomeBeforeTaxRatio": 0.21584845250800427, "incomeTaxExpense": 132000000, "totalOtherIncomeExpensesNet": 0.0, "grossProfit": 2596000000, "otherExpenses": 257000000, "incomeBeforeTax": 809000000, "operatingExpenses": 1796000000, "generalAndAdministrativeExpenses": 408000000, "netIncome": 677000000, "symbol": "EBAY", "weightedAverageShsOut": 1295000000, "period": "Q1", "link": "https://www.sec.gov/Archives/edgar/data/1065088/000106508813000058/0001065088-13-000058-index.htm", "date": "2013-03-31", "netIncomeRatio": 0.180629669157, "grossProfitRatio": 0.6926360725720384, "interestExpense": 0.0, "eps": 0.52, "epsdiluted": 0.51, "depreciationAndAmortization": 329000000, "costOfRevenue": 1152000000, "operatingIncomeRatio": 0.213447171825, "operatingIncome": 800000000}, {"finalLink": "https://www.sec.gov/Archives/edgar/data/1065088/000106508813000004/ebay2012_10k.htm", "sellingAndMarketingExpenses": 793000000, "revenue": 3993000000, "researchAndDevelopmentExpenses": 416000000, "acceptedDate": "2013-01-31 20:09:24", "fillingDate": "2013-02-01", "weightedAverageShsOutDil": 1313000000, "costAndExpenses": 3120000000, "ebitda": 1191000000, "ebitdaratio": 0.298271975958, "incomeBeforeTaxRatio": 0.21963436013, "incomeTaxExpense": 127000000, "totalOtherIncomeExpensesNet": 0.0, "grossProfit": 2769000000, "otherExpenses": 251000000, "incomeBeforeTax": 877000000, "operatingExpenses": 1896000000, "generalAndAdministrativeExpenses": 436000000, "netIncome": 750000000, "symbol": "EBAY", "weightedAverageShsOut": 1292000000, "period": "FY", "link": "https://www.sec.gov/Archives/edgar/data/1065088/000106508813000004/0001065088-13-000004-index.htm", "date": "2012-12-31", "netIncomeRatio": 0.187828700225, "grossProfitRatio": 0.6934635612321562, "interestExpense": 0.0, "eps": 0.58, "epsdiluted": 0.57, "depreciationAndAmortization": 318000000, "costOfRevenue": 1224000000, "operatingIncomeRatio": 0.218632607062, "operatingIncome": 873000000}, {"finalLink": "https://www.sec.gov/Archives/edgar/data/1065088/000106508812000143/ebay2012q3_10q.htm", "sellingAndMarketingExpenses": 726000000, "revenue": 3404000000, "researchAndDevelopmentExpenses": 389000000, "acceptedDate": "2012-10-19 17:04:58", "fillingDate": "2012-10-19", "weightedAverageShsOutDil": 1311000000, "costAndExpenses": 2737000000, "ebitda": 978000000, "ebitdaratio": 0.287309048179, "incomeBeforeTaxRatio": 0.19741480611, "incomeTaxExpense": 75000000, "totalOtherIncomeExpensesNet": 0.0, "grossProfit": 2382000000, "otherExpenses": 231000000, "incomeBeforeTax": 672000000, "operatingExpenses": 1715000000, "generalAndAdministrativeExpenses": 369000000, "netIncome": 597000000, "symbol": "EBAY", "weightedAverageShsOut": 1291000000, "period": "Q3", "link": "https://www.sec.gov/Archives/edgar/data/1065088/000106508812000143/0001065088-12-000143-index.htm", "date": "2012-09-30", "netIncomeRatio": 0.175381903643, "grossProfitRatio": 0.699764982373678, "interestExpense": 0.0, "eps": 0.46, "epsdiluted": 0.46, "depreciationAndAmortization": 311000000, "costOfRevenue": 1022000000, "operatingIncomeRatio": 0.195945945946, "operatingIncome": 667000000}, {"finalLink": "https://www.sec.gov/Archives/edgar/data/1065088/000106508812000085/ebay2012q2_10q.htm", "sellingAndMarketingExpenses": 717000000, "revenue": 3398000000, "researchAndDevelopmentExpenses": 394000000, "acceptedDate": "2012-07-18 20:45:44", "fillingDate": "2012-07-19", "weightedAverageShsOutDil": 1309000000, "costAndExpenses": 2703000000, "ebitda": 985000000, "ebitdaratio": 0.289876397881, "incomeBeforeTaxRatio": 0.250441436139, "incomeTaxExpense": 159000000, "totalOtherIncomeExpensesNet": 0.0, "grossProfit": 2411000000, "otherExpenses": 215000000, "incomeBeforeTax": 851000000, "operatingExpenses": 1716000000, "generalAndAdministrativeExpenses": 390000000, "netIncome": 692000000, "symbol": "EBAY", "weightedAverageShsOut": 1290000000, "period": "Q2", "link": "https://www.sec.gov/Archives/edgar/data/1065088/000106508812000085/0001065088-12-000085-index.htm", "date": "2012-06-30", "netIncomeRatio": 0.203649205415, "grossProfitRatio": 0.7095350206003531, "interestExpense": 0.0, "eps": 0.54, "epsdiluted": 0.52, "depreciationAndAmortization": 290000000, "costOfRevenue": 987000000, "operatingIncomeRatio": 0.204532077693, "operatingIncome": 695000000}, {"finalLink": "https://www.sec.gov/Archives/edgar/data/1065088/000106508812000037/ebay2012q1_10q.htm", "sellingAndMarketingExpenses": 677000000, "revenue": 3277000000, "researchAndDevelopmentExpenses": 374000000, "acceptedDate": "2012-04-20 17:17:18", "fillingDate": "2012-04-20", "weightedAverageShsOutDil": 1308000000, "costAndExpenses": 2624000000, "ebitda": 934000000, "ebitdaratio": 0.285016783644, "incomeBeforeTaxRatio": 0.20872749466, "incomeTaxExpense": 114000000, "totalOtherIncomeExpensesNet": 0.0, "grossProfit": 2294000000, "otherExpenses": 218000000, "incomeBeforeTax": 684000000, "operatingExpenses": 1641000000, "generalAndAdministrativeExpenses": 372000000, "netIncome": 570000000, "symbol": "EBAY", "weightedAverageShsOut": 1288000000, "period": "Q1", "link": "https://www.sec.gov/Archives/edgar/data/1065088/000106508812000037/0001065088-12-000037-index.htm", "date": "2012-03-31", "netIncomeRatio": 0.173939578883, "grossProfitRatio": 0.7000305157155935, "interestExpense": 0.0, "eps": 0.44, "epsdiluted": 0.44, "depreciationAndAmortization": 281000000, "costOfRevenue": 983000000, "operatingIncomeRatio": 0.199267622826, "operatingIncome": 653000000}, {"finalLink": "https://www.sec.gov/Archives/edgar/data/1065088/000106508812000006/ebay2011q4_10k.htm", "sellingAndMarketingExpenses": 671822000, "revenue": 3380010000, "researchAndDevelopmentExpenses": 344250000, "acceptedDate": "2012-01-30 20:50:48", "fillingDate": "2012-01-31", "weightedAverageShsOutDil": 1312950000, "costAndExpenses": 2626895000, "ebitda": 1025668000, "ebitdaratio": 0.303451173221, "incomeBeforeTaxRatio": 0.720471537066, "incomeTaxExpense": 455589000, "totalOtherIncomeExpensesNet": -110972000, "grossProfit": 2345578000, "otherExpenses": 230404000, "incomeBeforeTax": 2435201000, "operatingExpenses": 1592463000, "generalAndAdministrativeExpenses": 345987000, "netIncome": 1979612000, "symbol": "EBAY", "weightedAverageShsOut": 1292775000, "period": "FY", "link": "https://www.sec.gov/Archives/edgar/data/1065088/000106508812000006/0001065088-12-000006-index.htm", "date": "2011-12-31", "netIncomeRatio": 0.585682290881, "grossProfitRatio": 0.6939559350416123, "interestExpense": 0.0, "eps": 1.53, "epsdiluted": 1.51, "depreciationAndAmortization": 272553000, "costOfRevenue": 1034432000, "operatingIncomeRatio": 0.222814429543, "operatingIncome": 753115000}, {"finalLink": "https://www.sec.gov/Archives/edgar/data/1065088/000106508811000027/ebay2011q3_10q.htm", "sellingAndMarketingExpenses": 622593000, "revenue": 2965761000, "researchAndDevelopmentExpenses": 319104000, "acceptedDate": "2011-10-20 19:48:31", "fillingDate": "2011-10-21", "weightedAverageShsOutDil": 1311173000, "costAndExpenses": 2428940000, "ebitda": 803537000, "ebitdaratio": 0.270937880699, "incomeBeforeTaxRatio": 0.207543696205, "incomeTaxExpense": 125022000, "totalOtherIncomeExpensesNet": 78704000, "grossProfit": 2042449000, "otherExpenses": 230426000, "incomeBeforeTax": 615525000, "operatingExpenses": 1505628000, "generalAndAdministrativeExpenses": 333505000, "netIncome": 490503000, "symbol": "EBAY", "weightedAverageShsOut": 1290921000, "period": "Q3", "link": "https://www.sec.gov/Archives/edgar/data/1065088/000106508811000027/0001065088-11-000027-index.htm", "date": "2011-09-30", "netIncomeRatio": 0.165388579862, "grossProfitRatio": 0.688676194743946, "interestExpense": 0.0, "eps": 0.38, "epsdiluted": 0.37, "depreciationAndAmortization": 266716000, "costOfRevenue": 923312000, "operatingIncomeRatio": 0.181006156599, "operatingIncome": 536821000}, {"finalLink": "https://www.sec.gov/Archives/edgar/data/1065088/000106508811000019/ebay2011q2_10q.htm", "sellingAndMarketingExpenses": 607954000, "revenue": 2760274000, "researchAndDevelopmentExpenses": 297035000, "acceptedDate": "2011-07-21 21:55:38", "fillingDate": "2011-07-22", "weightedAverageShsOutDil": 1317318000, "costAndExpenses": 2241375000, "ebitda": 726494000, "ebitdaratio": 0.263196334857, "incomeBeforeTaxRatio": 0.105414897217, "incomeTaxExpense": 7567000.0, "totalOtherIncomeExpensesNet": 28576000, "grossProfit": 1986812000, "otherExpenses": 171673000, "incomeBeforeTax": 290974000, "operatingExpenses": 1467913000, "generalAndAdministrativeExpenses": 391251000, "netIncome": 283407000, "symbol": "EBAY", "weightedAverageShsOut": 1296792000, "period": "Q2", "link": "https://www.sec.gov/Archives/edgar/data/1065088/000106508811000019/0001065088-11-000019-index.htm", "date": "2011-06-30", "netIncomeRatio": 0.102673502703, "grossProfitRatio": 0.7197879630790277, "interestExpense": 0.0, "eps": 0.22, "epsdiluted": 0.22, "depreciationAndAmortization": 207595000, "costOfRevenue": 773462000, "operatingIncomeRatio": 0.187988221459, "operatingIncome": 518899000}, {"finalLink": "https://www.sec.gov/Archives/edgar/data/1065088/000106508811000006/ebay2011q110q.htm", "sellingAndMarketingExpenses": 532679000, "revenue": 2545609000, "researchAndDevelopmentExpenses": 274782000, "acceptedDate": "2011-04-28 21:56:10", "fillingDate": "2011-04-29", "weightedAverageShsOutDil": 1320151000, "costAndExpenses": 1980955000, "ebitda": 757743000, "ebitdaratio": 0.297666688011, "incomeBeforeTaxRatio": 0.223265238299, "incomeTaxExpense": 92481000, "totalOtherIncomeExpensesNet": 3692000.0, "grossProfit": 1816631000, "otherExpenses": 151038000, "incomeBeforeTax": 568346000, "operatingExpenses": 1251977000, "generalAndAdministrativeExpenses": 293478000, "netIncome": 475865000, "symbol": "EBAY", "weightedAverageShsOut": 1297278000, "period": "Q1", "link": "https://www.sec.gov/Archives/edgar/data/1065088/000106508811000006/0001065088-11-000006-index.htm", "date": "2011-03-31", "netIncomeRatio": 0.186935621299, "grossProfitRatio": 0.7136331620449173, "interestExpense": 0.0, "eps": 0.37, "epsdiluted": 0.36, "depreciationAndAmortization": 193089000, "costOfRevenue": 728978000, "operatingIncomeRatio": 0.221814897732, "operatingIncome": 564654000}, {"finalLink": "https://www.sec.gov/Archives/edgar/data/1065088/000106508811000003/ebay10k20101231.htm", "sellingAndMarketingExpenses": 538765000, "revenue": 2495350000, "researchAndDevelopmentExpenses": 246175000, "acceptedDate": "2011-01-28 17:31:10", "fillingDate": "2011-01-28", "weightedAverageShsOutDil": 1327417000, "costAndExpenses": 1905129000, "ebitda": 782509000, "ebitdaratio": 0.313586871581, "incomeBeforeTaxRatio": 0.23539984370929928, "incomeTaxExpense": 28218000, "totalOtherIncomeExpensesNet": 44876000, "grossProfit": 1792877000, "otherExpenses": 138838000, "incomeBeforeTax": 587405000, "operatingExpenses": 1202656000, "generalAndAdministrativeExpenses": 278878000, "netIncome": 559187000, "symbol": "EBAY", "weightedAverageShsOut": 1305593000, "period": "FY", "link": "https://www.sec.gov/Archives/edgar/data/1065088/000106508811000003/0001065088-11-000003-index.htm", "date": "2010-12-31", "netIncomeRatio": 0.224091610395, "grossProfitRatio": 0.7184871861662693, "interestExpense": 0.0, "eps": 0.43, "epsdiluted": 0.42, "depreciationAndAmortization": 192288000, "costOfRevenue": 702473000, "operatingIncomeRatio": 0.236528342717, "operatingIncome": 590221000}, {"finalLink": "https://www.sec.gov/Archives/edgar/data/1065088/000144530510001112/ebay09301010q.htm", "sellingAndMarketingExpenses": 1408050000, "revenue": 2249488000, "researchAndDevelopmentExpenses": 226803000, "acceptedDate": "2010-10-20 21:48:23", "fillingDate": "2010-10-21", "weightedAverageShsOutDil": 1324509000, "costAndExpenses": 1759312000, "ebitda": 847843000, "ebitdaratio": 0.37690487791, "incomeBeforeTaxRatio": 0.229830521434, "incomeTaxExpense": 85072000, "totalOtherIncomeExpensesNet": 26825000, "grossProfit": 1609220000, "otherExpenses": 373729000, "incomeBeforeTax": 517001000, "operatingExpenses": 1119044000, "generalAndAdministrativeExpenses": 261662000, "netIncome": 431929000, "symbol": "EBAY", "weightedAverageShsOut": 1303217000, "period": "Q3", "link": "https://www.sec.gov/Archives/edgar/data/1065088/000144530510001112/0001445305-10-001112-index.htm", "date": "2010-09-30", "netIncomeRatio": 0.192012137873, "grossProfitRatio": 0.7153716756879788, "interestExpense": 0.0, "eps": 0.33, "epsdiluted": 0.33, "depreciationAndAmortization": 194338000, "costOfRevenue": 640268000, "operatingIncomeRatio": 0.290512774462, "operatingIncome": 653505000}, {"finalLink": "https://www.sec.gov/Archives/edgar/data/1065088/000119312510164115/d10q.htm", "sellingAndMarketingExpenses": 478236000, "revenue": 2215379000, "researchAndDevelopmentExpenses": 225317000, "acceptedDate": "2010-07-22 20:24:23", "fillingDate": "2010-07-23", "weightedAverageShsOutDil": 1327770000, "costAndExpenses": 1730814000, "ebitda": 509053000, "ebitdaratio": 0.229781450488, "incomeBeforeTaxRatio": 0.225417863038, "incomeTaxExpense": 87194000, "totalOtherIncomeExpensesNet": 14821000, "grossProfit": 1600008000, "otherExpenses": 1074187000, "incomeBeforeTax": 499386000, "operatingExpenses": 1115443000, "generalAndAdministrativeExpenses": 262100000, "netIncome": 412192000, "symbol": "EBAY", "weightedAverageShsOut": 1305595000, "period": "Q2", "link": "https://www.sec.gov/Archives/edgar/data/1065088/000119312510164115/0001193125-10-164115-index.htm", "date": "2010-06-30", "netIncomeRatio": 0.186059360498, "grossProfitRatio": 0.7222276639798427, "interestExpense": 0.0, "eps": 0.31, "epsdiluted": 0.31, "depreciationAndAmortization": 187817000, "costOfRevenue": 615371000, "operatingIncomeRatio": 0.145002728653, "operatingIncome": 321236000}, {"finalLink": "https://www.sec.gov/Archives/edgar/data/1065088/000119312510096869/d10q.htm", "sellingAndMarketingExpenses": 446161000, "revenue": 2196057000, "researchAndDevelopmentExpenses": 210139000, "acceptedDate": "2010-04-28 17:11:07", "fillingDate": "2010-04-28", "weightedAverageShsOutDil": 1326021000, "costAndExpenses": 1707448000, "ebitda": 676631000, "ebitdaratio": 0.308111765769, "incomeBeforeTaxRatio": 0.225246885668, "incomeTaxExpense": 97002000, "totalOtherIncomeExpensesNet": 6046000.0, "grossProfit": 1589502000, "otherExpenses": 167850000, "incomeBeforeTax": 494655000, "operatingExpenses": 1100893000, "generalAndAdministrativeExpenses": 276743000, "netIncome": 397653000, "symbol": "EBAY", "weightedAverageShsOut": 1301248000, "period": "Q1", "link": "https://www.sec.gov/Archives/edgar/data/1065088/000119312510096869/0001193125-10-096869-index.htm", "date": "2010-03-31", "netIncomeRatio": 0.181075901035, "grossProfitRatio": 0.7237981527801874, "interestExpense": 0.0, "eps": 0.31, "epsdiluted": 0.3, "depreciationAndAmortization": 188022000, "costOfRevenue": 606555000, "operatingIncomeRatio": 0.222493769515, "operatingIncome": 488609000}, {"finalLink": "https://www.sec.gov/Archives/edgar/data/1065088/000119312510033324/d10k.htm", "sellingAndMarketingExpenses": 526400000, "revenue": 2370932000, "researchAndDevelopmentExpenses": 0.0, "acceptedDate": "2010-02-17 17:20:56", "fillingDate": "2010-02-17", "weightedAverageShsOutDil": 1304981000, "costAndExpenses": 2191560000, "ebitda": 380156000, "ebitdaratio": 0.16034032186498812, "incomeBeforeTaxRatio": 0.6718033245997777, "incomeTaxExpense": -237894000, "totalOtherIncomeExpensesNet": 1413428000, "grossProfit": 1700237000, "otherExpenses": 374042000, "incomeBeforeTax": 1592800000, "operatingExpenses": 1520865000, "generalAndAdministrativeExpenses": 620423000, "netIncome": 1354906000, "symbol": "EBAY", "weightedAverageShsOut": 1289848000, "period": "FY", "link": "https://www.sec.gov/Archives/edgar/data/1065088/000119312510033324/0001193125-10-033324-index.htm", "date": "2009-12-31", "netIncomeRatio": 0.5714655671271888, "grossProfitRatio": 0.717117572330206, "interestExpense": 8957000.0, "eps": 1.85, "epsdiluted": 1.83, "depreciationAndAmortization": 200784000, "costOfRevenue": 670695000, "operatingIncomeRatio": 0.07565463707942699, "operatingIncome": 179372000}, {"finalLink": "https://www.sec.gov/Archives/edgar/data/1065088/000119312509214947/d10q.htm", "sellingAndMarketingExpenses": 491461000, "revenue": 2237852000, "researchAndDevelopmentExpenses": 0.0, "acceptedDate": "2009-10-27 17:00:24", "fillingDate": "2009-10-27", "weightedAverageShsOutDil": 1304981000, "costAndExpenses": 1794911000, "ebitda": 658009000, "ebitdaratio": 0.29403597735685827, "incomeBeforeTaxRatio": 0.19587309616543006, "incomeTaxExpense": -88599000, "totalOtherIncomeExpensesNet": -4606000.0, "grossProfit": 1593944000, "otherExpenses": 387365000, "incomeBeforeTax": 438335000, "operatingExpenses": 1151003000, "generalAndAdministrativeExpenses": 272177000, "netIncome": 349736000, "symbol": "EBAY", "weightedAverageShsOut": 1289848000, "period": "Q3", "link": "https://www.sec.gov/Archives/edgar/data/1065088/000119312509214947/0001193125-09-214947-index.htm", "date": "2009-09-30", "netIncomeRatio": 0.15628200613802878, "grossProfitRatio": 0.7122651542639996, "interestExpense": 4606000.0, "eps": 0.8, "epsdiluted": 0.8, "depreciationAndAmortization": 215068000, "costOfRevenue": 643908000, "operatingIncomeRatio": 0.1979313198549323, "operatingIncome": 442941000}, {"finalLink": "https://www.sec.gov/Archives/edgar/data/1065088/000119312509157212/d10q.htm", "sellingAndMarketingExpenses": 464500000, "revenue": 3545192000, "researchAndDevelopmentExpenses": 0.0, "acceptedDate": "2009-07-28 20:38:07", "fillingDate": "2009-07-29", "weightedAverageShsOutDil": 1304981000, "costAndExpenses": 1686303000, "ebitda": 609494000, "ebitdaratio": 0.1719212950948778, "incomeBeforeTaxRatio": 0.11484850467901316, "incomeTaxExpense": -79818000, "totalOtherIncomeExpensesNet": -4529000.0, "grossProfit": 2953419000, "otherExpenses": 372532000, "incomeBeforeTax": 407160000, "operatingExpenses": 1094530000, "generalAndAdministrativeExpenses": 257498000, "netIncome": 327342000, "symbol": "EBAY", "weightedAverageShsOut": 1289848000, "period": "Q2", "link": "https://www.sec.gov/Archives/edgar/data/1065088/000119312509157212/0001193125-09-157212-index.htm", "date": "2009-06-30", "netIncomeRatio": 0.09233406822535986, "grossProfitRatio": 0.8330773058271597, "interestExpense": -13563000, "eps": 0.53, "epsdiluted": 0.53, "depreciationAndAmortization": 197805000, "costOfRevenue": 591773000, "operatingIncomeRatio": 0.11612600953629591, "operatingIncome": 411689000}, {"finalLink": "https://www.sec.gov/Archives/edgar/data/1065088/000119312509090300/d10q.htm", "sellingAndMarketingExpenses": 403316000, "revenue": 573386000, "researchAndDevelopmentExpenses": 0.0, "acceptedDate": "2009-04-28 17:14:41", "fillingDate": "2009-04-28", "weightedAverageShsOutDil": 1287814000, "costAndExpenses": 1597822000, "ebitda": 620053000, "ebitdaratio": 1.0813884538513323, "incomeBeforeTaxRatio": 0.7688642554928093, "incomeTaxExpense": -83743000, "totalOtherIncomeExpensesNet": 18092000, "grossProfit": 0.0, "otherExpenses": 352829000, "incomeBeforeTax": 440856000, "operatingExpenses": 1024436000, "generalAndAdministrativeExpenses": 268291000, "netIncome": 357113000, "symbol": "EBAY", "weightedAverageShsOut": 1283810000, "period": "Q1", "link": "https://www.sec.gov/Archives/edgar/data/1065088/000119312509090300/0001193125-09-090300-index.htm", "date": "2009-03-31", "netIncomeRatio": 0.6228142996166631, "grossProfitRatio": 0.0, "interestExpense": 0.0, "eps": 0.28, "epsdiluted": 0.28, "depreciationAndAmortization": 197289000, "costOfRevenue": 573386000, "operatingIncomeRatio": 0.7373113400048135, "operatingIncome": 422764000}, {"finalLink": "https://www.sec.gov/Archives/edgar/data/1065088/000095013409003306/f50770e10vk.htm", "sellingAndMarketingExpenses": 384370000, "revenue": 2035846000, "researchAndDevelopmentExpenses": 0.0, "acceptedDate": "2009-02-19 18:24:04", "fillingDate": "2009-02-20", "weightedAverageShsOutDil": 1312608000, "costAndExpenses": 1582383000, "ebitda": 655360000, "ebitdaratio": 0.32191039990254666, "incomeBeforeTaxRatio": 0.23246748526165534, "incomeTaxExpense": -106076000, "totalOtherIncomeExpensesNet": 24368000, "grossProfit": 1456255000, "otherExpenses": 640223000, "incomeBeforeTax": 473268000, "operatingExpenses": 1002792000, "generalAndAdministrativeExpenses": -21801000, "netIncome": -228836000, "symbol": "EBAY", "weightedAverageShsOut": 1303454000, "period": "FY", "link": "https://www.sec.gov/Archives/edgar/data/1065088/000095013409003306/0000950134-09-003306-index.htm", "date": "2008-12-31", "netIncomeRatio": -0.11240339396987788, "grossProfitRatio": 0.7153070517121629, "interestExpense": 4563000.0, "eps": 1.37, "epsdiluted": 1.36, "depreciationAndAmortization": 201897000, "costOfRevenue": 579591000, "operatingIncomeRatio": 0.22273934275971757, "operatingIncome": 453463000}, {"finalLink": "https://www.sec.gov/Archives/edgar/data/1065088/000089161808000464/f50180e10vq.htm", "sellingAndMarketingExpenses": 457216000, "revenue": 2117531000, "researchAndDevelopmentExpenses": 0.0, "acceptedDate": "2008-10-23 17:23:36", "fillingDate": "2008-10-23", "weightedAverageShsOutDil": 1322126000, "costAndExpenses": 2066759000, "ebitda": 702653000, "ebitdaratio": 0.33182654704937026, "incomeBeforeTaxRatio": 0.2657066177543564, "incomeTaxExpense": -70423000, "totalOtherIncomeExpensesNet": 38556000, "grossProfit": 1556568000, "otherExpenses": 716865000, "incomeBeforeTax": 562642000, "operatingExpenses": 1505796000, "generalAndAdministrativeExpenses": 331715000, "netIncome": 633065000, "symbol": "EBAY", "weightedAverageShsOut": 1311501000, "period": "Q3", "link": "https://www.sec.gov/Archives/edgar/data/1065088/000089161808000464/0000891618-08-000464-index.htm", "date": "2008-09-30", "netIncomeRatio": 0.2989637459853008, "grossProfitRatio": 0.73508628681233, "interestExpense": -11000.0, "eps": 1.08, "epsdiluted": 1.07, "depreciationAndAmortization": 178578000, "costOfRevenue": 560963000, "operatingIncomeRatio": 0.24749342512577147, "operatingIncome": 524075000}, {"finalLink": "https://www.sec.gov/Archives/edgar/data/1065088/000095013408013257/f42336e10vq.htm", "sellingAndMarketingExpenses": 512787000, "revenue": 2195661000, "researchAndDevelopmentExpenses": 0.0, "acceptedDate": "2008-07-24 16:15:54", "fillingDate": "2008-07-24", "weightedAverageShsOutDil": 1334518000, "costAndExpenses": 1176991000, "ebitda": 718726000, "ebitdaratio": 0.327339238616526, "incomeBeforeTaxRatio": 0.2587526034301288, "incomeTaxExpense": -107788000, "totalOtherIncomeExpensesNet": 23385000, "grossProfit": 1633558000, "otherExpenses": -231594000, "incomeBeforeTax": 568133000, "operatingExpenses": 614888000, "generalAndAdministrativeExpenses": 333695000, "netIncome": 915527000, "symbol": "EBAY", "weightedAverageShsOut": 1322854000, "period": "Q2", "link": "https://www.sec.gov/Archives/edgar/data/1065088/000095013408013257/0000950134-08-013257-index.htm", "date": "2008-06-30", "netIncomeRatio": 0.4169710169283874, "grossProfitRatio": 0.7439937221638495, "interestExpense": 619000.0, "eps": 0.7, "epsdiluted": 0.69, "depreciationAndAmortization": 173359000, "costOfRevenue": 562103000, "operatingIncomeRatio": 0.24838397184264785, "operatingIncome": 545367000}, {"finalLink": "https://www.sec.gov/Archives/edgar/data/1065088/000095013408007202/f40060e10vq.htm", "sellingAndMarketingExpenses": 527178000, "revenue": 2192223000, "researchAndDevelopmentExpenses": 0.0, "acceptedDate": "2008-04-23 19:42:25", "fillingDate": "2008-04-24", "weightedAverageShsOutDil": 1343989000, "costAndExpenses": 1639446000, "ebitda": 718757000, "ebitdaratio": 0.3278667361851417, "incomeBeforeTaxRatio": 0.264353124659307, "incomeTaxExpense": -119803000, "totalOtherIncomeExpensesNet": 29610000, "grossProfit": 1666811000, "otherExpenses": 231594000, "incomeBeforeTax": 579521000, "operatingExpenses": 1114034000, "generalAndAdministrativeExpenses": 355262000, "netIncome": 459718000, "symbol": "EBAY", "weightedAverageShsOut": 1333791000, "period": "Q1", "link": "https://www.sec.gov/Archives/edgar/data/1065088/000095013408007202/0000950134-08-007202-index.htm", "date": "2008-03-31", "netIncomeRatio": 0.20970403102239144, "grossProfitRatio": 0.7603291271006645, "interestExpense": 2866000.0, "eps": 0.34, "epsdiluted": 0.34, "depreciationAndAmortization": 165980000, "costOfRevenue": 525412000, "operatingIncomeRatio": 0.25215363582993156, "operatingIncome": 552777000}, {"finalLink": "https://www.sec.gov/Archives/edgar/data/1065088/000095013408003741/f36571e10vk.htm", "sellingAndMarketingExpenses": 519133000, "revenue": 2180606000, "researchAndDevelopmentExpenses": 0.0, "acceptedDate": "2008-02-28 20:39:58", "fillingDate": "2008-02-29", "weightedAverageShsOutDil": 1376174000, "costAndExpenses": 1554466000, "ebitda": 785956000, "ebitdaratio": 0.36043008227988, "incomeBeforeTaxRatio": 0.3079258701480231, "incomeTaxExpense": -140579000, "totalOtherIncomeExpensesNet": 51921000, "grossProfit": 1674633000, "otherExpenses": 222629000, "incomeBeforeTax": 671465000, "operatingExpenses": 1048493000, "generalAndAdministrativeExpenses": 306731000, "netIncome": 530886000, "symbol": "EBAY", "weightedAverageShsOut": 1358797000, "period": "FY", "link": "https://www.sec.gov/Archives/edgar/data/1065088/000095013408003741/0000950134-08-003741-index.htm", "date": "2007-12-31", "netIncomeRatio": 0.24345801121339664, "grossProfitRatio": 0.7679667945516063, "interestExpense": 6596000.0, "eps": 0.26, "epsdiluted": 0.25, "depreciationAndAmortization": 159816000, "costOfRevenue": 505973000, "operatingIncomeRatio": 0.28714036373375107, "operatingIncome": 626140000}, {"finalLink": "https://www.sec.gov/Archives/edgar/data/1065088/000095013407022080/f34877e10vq.htm", "sellingAndMarketingExpenses": 485240000, "revenue": 1889220000, "researchAndDevelopmentExpenses": 0.0, "acceptedDate": "2007-10-26 19:37:47", "fillingDate": "2007-10-29", "weightedAverageShsOutDil": 1360830000, "costAndExpenses": 2826913000, "ebitda": -785973000, "ebitdaratio": -0.4160304252548671, "incomeBeforeTaxRatio": -0.4774764188395211, "incomeTaxExpense": -33577000, "totalOtherIncomeExpensesNet": 38363000, "grossProfit": 1442699000, "otherExpenses": 1607705000, "incomeBeforeTax": -902058000, "operatingExpenses": 2380392000, "generalAndAdministrativeExpenses": 287447000, "netIncome": -935635000, "symbol": "EBAY", "weightedAverageShsOut": 1360830000, "period": "Q3", "link": "https://www.sec.gov/Archives/edgar/data/1065088/000095013407022080/0000950134-07-022080-index.htm", "date": "2007-09-30", "netIncomeRatio": -0.49524936217063126, "grossProfitRatio": 0.763647960533977, "interestExpense": 2728000.0, "eps": -0.13, "epsdiluted": -0.13, "depreciationAndAmortization": 151720000, "costOfRevenue": 446521000, "operatingIncomeRatio": -0.4963387006277723, "operatingIncome": -937693000}, {"finalLink": "https://www.sec.gov/Archives/edgar/data/1065088/000095013407015993/f32134e10vq.htm", "sellingAndMarketingExpenses": 477768000, "revenue": 1834429000, "researchAndDevelopmentExpenses": 0.0, "acceptedDate": "2007-07-26 21:35:06", "fillingDate": "2007-07-27", "weightedAverageShsOutDil": 1381484000, "costAndExpenses": 1377523000, "ebitda": 603628000, "ebitdaratio": 0.3290549811412707, "incomeBeforeTaxRatio": 0.266098606160282, "incomeTaxExpense": -112315000, "totalOtherIncomeExpensesNet": 33967000, "grossProfit": 1417640000, "otherExpenses": 199488000, "incomeBeforeTax": 488139000, "operatingExpenses": 960734000, "generalAndAdministrativeExpenses": 283478000, "netIncome": 375824000, "symbol": "EBAY", "weightedAverageShsOut": 1363986000, "period": "Q2", "link": "https://www.sec.gov/Archives/edgar/data/1065088/000095013407015993/0000950134-07-015993-index.htm", "date": "2007-06-30", "netIncomeRatio": 0.20487246985301694, "grossProfitRatio": 0.772796330629313, "interestExpense": 2734000.0, "eps": 0.55, "epsdiluted": 0.55, "depreciationAndAmortization": 146722000, "costOfRevenue": 416789000, "operatingIncomeRatio": 0.24907259970268678, "operatingIncome": 456906000}, {"finalLink": "https://www.sec.gov/Archives/edgar/data/1065088/000095013407008928/f29096e10vq.htm", "sellingAndMarketingExpenses": 443252000, "revenue": 1768074000, "researchAndDevelopmentExpenses": 0.0, "acceptedDate": "2007-04-24 21:25:09", "fillingDate": "2007-04-25", "weightedAverageShsOutDil": 1384287000, "costAndExpenses": 1300247000, "ebitda": 611276000, "ebitdaratio": 0.3457298732971584, "incomeBeforeTaxRatio": 0.2790069872641077, "incomeTaxExpense": -116129000, "totalOtherIncomeExpensesNet": 30020000, "grossProfit": 1374385000, "otherExpenses": 184947000, "incomeBeforeTax": 493305000, "operatingExpenses": 906558000, "generalAndAdministrativeExpenses": 278359000, "netIncome": 377176000, "symbol": "EBAY", "weightedAverageShsOut": 1366915000, "period": "Q1", "link": "https://www.sec.gov/Archives/edgar/data/1065088/000095013407008928/0000950134-07-008928-index.htm", "date": "2007-03-31", "netIncomeRatio": 0.21332591282944038, "grossProfitRatio": 0.7773345459522621, "interestExpense": 4542000.0, "eps": 0.28, "epsdiluted": 0.27, "depreciationAndAmortization": 143449000, "costOfRevenue": 393689000, "operatingIncomeRatio": 0.26459695691469926, "operatingIncome": 467827000}, {"finalLink": "https://www.sec.gov/Archives/edgar/data/1065088/000095013407004291/f27529e10vk.htm", "sellingAndMarketingExpenses": 426475000, "revenue": 1719901000, "researchAndDevelopmentExpenses": 0.0, "acceptedDate": "2007-02-28 06:02:45", "fillingDate": "2007-02-28", "weightedAverageShsOutDil": 1425472000, "costAndExpenses": 1270016000, "ebitda": 302639000, "ebitdaratio": 0.1759630350816704, "incomeBeforeTaxRatio": 0.2811778119787127, "incomeTaxExpense": -137130000, "totalOtherIncomeExpensesNet": 37400000, "grossProfit": 1349873000, "otherExpenses": 162935000, "incomeBeforeTax": 483598000, "operatingExpenses": 899988000, "generalAndAdministrativeExpenses": 310578000, "netIncome": 346467000, "symbol": "EBAY", "weightedAverageShsOut": 1399251000, "period": "FY", "link": "https://www.sec.gov/Archives/edgar/data/1065088/000095013407004291/0000950134-07-004291-index.htm", "date": "2006-12-31", "netIncomeRatio": 0.20144589717663983, "grossProfitRatio": 0.784855058517903, "interestExpense": 3687000.0, "eps": 0.8, "epsdiluted": 0.79, "depreciationAndAmortization": -147246000, "costOfRevenue": 370028000, "operatingIncomeRatio": 0.2615761023454257, "operatingIncome": 449885000}, {"finalLink": "https://www.sec.gov/Archives/edgar/data/1065088/000095013406019858/f24230e10vq.htm", "sellingAndMarketingExpenses": 634889000, "revenue": 2131813000, "researchAndDevelopmentExpenses": 0.0, "acceptedDate": "2006-10-27 21:28:17", "fillingDate": "2006-10-30", "weightedAverageShsOutDil": 1433247000, "costAndExpenses": 1873224000, "ebitda": 393735000, "ebitdaratio": 0.18469490522855428, "incomeBeforeTaxRatio": 0.13889586000273008, "incomeTaxExpense": -64822000, "totalOtherIncomeExpensesNet": 37693000, "grossProfit": 1623336000, "otherExpenses": 335093000, "incomeBeforeTax": 296100000, "operatingExpenses": 1364747000, "generalAndAdministrativeExpenses": 394765000, "netIncome": 231321000, "symbol": "EBAY", "weightedAverageShsOut": 1405837000, "period": "Q3", "link": "https://www.sec.gov/Archives/edgar/data/1065088/000095013406019858/0000950134-06-019858-index.htm", "date": "2006-09-30", "netIncomeRatio": 0.1085090484015249, "grossProfitRatio": 0.7614814244964263, "interestExpense": 104000.0, "eps": 0.55, "epsdiluted": 0.54, "depreciationAndAmortization": 135224000, "costOfRevenue": 508477000, "operatingIncomeRatio": 0.12126345040582828, "operatingIncome": 258511000}, {"finalLink": "https://www.sec.gov/Archives/edgar/data/1065088/000095013406014091/f22371e10vq.htm", "sellingAndMarketingExpenses": 157931000, "revenue": 727608000, "researchAndDevelopmentExpenses": 0.0, "acceptedDate": "2006-07-27 20:55:11", "fillingDate": "2006-07-28", "weightedAverageShsOutDil": 1380736000, "costAndExpenses": 326274000, "ebitda": 534362000, "ebitdaratio": 0.7344091873646249, "incomeBeforeTaxRatio": 0.5768573187760443, "incomeTaxExpense": -120112000, "totalOtherIncomeExpensesNet": 29168000, "grossProfit": 637365000, "otherExpenses": 20430000, "incomeBeforeTax": 419726000, "operatingExpenses": 236031000, "generalAndAdministrativeExpenses": 57670000, "netIncome": 299569000, "symbol": "EBAY", "weightedAverageShsOut": 1347429000, "period": "Q2", "link": "https://www.sec.gov/Archives/edgar/data/1065088/000095013406014091/0000950134-06-014091-index.htm", "date": "2006-06-30", "netIncomeRatio": 0.41171757319875535, "grossProfitRatio": 0.8759730514232938, "interestExpense": 1378000.0, "eps": 0.41, "epsdiluted": 0.4, "depreciationAndAmortization": 142426000, "costOfRevenue": 90243000, "operatingIncomeRatio": 0.538663676045343, "operatingIncome": 391936000}, {"finalLink": "https://www.sec.gov/Archives/edgar/data/1065088/000089161806000175/f19639e10vq.htm", "sellingAndMarketingExpenses": 400562000, "revenue": 1390419000, "researchAndDevelopmentExpenses": 0.0, "acceptedDate": "2006-04-24 21:23:43", "fillingDate": "2006-04-25", "weightedAverageShsOutDil": 1437581000, "costAndExpenses": 1077271000, "ebitda": 445910000, "ebitdaratio": 0.3207018891427692, "incomeBeforeTaxRatio": 0.2500231944471415, "incomeTaxExpense": -99354000, "totalOtherIncomeExpensesNet": 25760000, "grossProfit": 1102375000, "otherExpenses": 173315000, "incomeBeforeTax": 347637000, "operatingExpenses": 789227000, "generalAndAdministrativeExpenses": 215350000, "netIncome": 248282000, "symbol": "EBAY", "weightedAverageShsOut": 1406309000, "period": "Q1", "link": "https://www.sec.gov/Archives/edgar/data/1065088/000089161806000175/0000891618-06-000175-index.htm", "date": "2006-03-31", "netIncomeRatio": 0.17856631705982154, "grossProfitRatio": 0.7928365478319844, "interestExpense": 747000.0, "eps": 0.18, "epsdiluted": 0.17, "depreciationAndAmortization": 123286000, "costOfRevenue": 288044000, "operatingIncomeRatio": 0.2320336531649812, "operatingIncome": 322624000}, {"finalLink": "https://www.sec.gov/Archives/edgar/data/1065088/000095013406003678/f17187e10vk.htm", "sellingAndMarketingExpenses": 378489000, "revenue": 1328859000, "researchAndDevelopmentExpenses": 0.0, "acceptedDate": "2006-02-23 20:30:17", "fillingDate": "2006-02-24", "weightedAverageShsOutDil": 1393875000, "costAndExpenses": 958448000, "ebitda": 491709000, "ebitdaratio": 0.3700234562131874, "incomeBeforeTaxRatio": 0.2972866195736342, "incomeTaxExpense": -115830000, "totalOtherIncomeExpensesNet": 25563000, "grossProfit": 1089339000, "otherExpenses": 158739000, "incomeBeforeTax": 395052000, "operatingExpenses": 718928000, "generalAndAdministrativeExpenses": 181700000, "netIncome": 279221000, "symbol": "EBAY", "weightedAverageShsOut": 1361708000, "period": "FY", "link": "https://www.sec.gov/Archives/edgar/data/1065088/000095013406003678/0000950134-06-003678-index.htm", "date": "2005-12-31", "netIncomeRatio": 0.21012086308630185, "grossProfitRatio": 0.8197551433222035, "interestExpense": 922000.0, "eps": 0.79, "epsdiluted": 0.79, "depreciationAndAmortization": 121298000, "costOfRevenue": 239520000, "operatingIncomeRatio": 0.27874364398329693, "operatingIncome": 370411000}, {"finalLink": "https://www.sec.gov/Archives/edgar/data/1065088/000089161805000803/f13552e10vq.htm", "sellingAndMarketingExpenses": 293746000, "revenue": 1105515000, "researchAndDevelopmentExpenses": 0.0, "acceptedDate": "2005-10-25 17:30:15", "fillingDate": "2005-10-25", "weightedAverageShsOutDil": 1383024000, "costAndExpenses": 748779000, "ebitda": 448638000, "ebitdaratio": 0.4058181028751306, "incomeBeforeTaxRatio": 0.3500287196464996, "incomeTaxExpense": -131989000, "totalOtherIncomeExpensesNet": 30657000, "grossProfit": 905140000, "otherExpenses": 110371000, "incomeBeforeTax": 386962000, "operatingExpenses": 548404000, "generalAndAdministrativeExpenses": 144287000, "netIncome": 254971000, "symbol": "EBAY", "weightedAverageShsOut": 1350836000, "period": "Q3", "link": "https://www.sec.gov/Archives/edgar/data/1065088/000089161805000803/0000891618-05-000803-index.htm", "date": "2005-09-30", "netIncomeRatio": 0.2306354956739619, "grossProfitRatio": 0.8187496325242082, "interestExpense": 431000.0, "eps": 0.59, "epsdiluted": 0.58, "depreciationAndAmortization": 91902000, "costOfRevenue": 200375000, "operatingIncomeRatio": 0.322687616178885, "operatingIncome": 356736000}, {"finalLink": "https://www.sec.gov/Archives/edgar/data/1065088/000095013405014066/f10727e10vq.htm", "sellingAndMarketingExpenses": 287144000, "revenue": 1086303000, "researchAndDevelopmentExpenses": 0.0, "acceptedDate": "2005-07-27 06:02:01", "fillingDate": "2005-07-27", "weightedAverageShsOutDil": 1380736000, "costAndExpenses": 707317000, "ebitda": 464291000, "ebitdaratio": 0.42740469279749754, "incomeBeforeTaxRatio": 0.3784450563056532, "incomeTaxExpense": -119518000, "totalOtherIncomeExpensesNet": 32525000, "grossProfit": 894463000, "otherExpenses": 98993000, "incomeBeforeTax": 411106000, "operatingExpenses": 515477000, "generalAndAdministrativeExpenses": 129340000, "netIncome": 291560000, "symbol": "EBAY", "weightedAverageShsOut": 1347429000, "period": "Q2", "link": "https://www.sec.gov/Archives/edgar/data/1065088/000095013405014066/0000950134-05-014066-index.htm", "date": "2005-06-30", "netIncomeRatio": 0.26839657075420026, "grossProfitRatio": 0.823401021630245, "interestExpense": 405000.0, "eps": 0.41, "epsdiluted": 0.4, "depreciationAndAmortization": 85305000, "costOfRevenue": 191840000, "operatingIncomeRatio": 0.34887687873457035, "operatingIncome": 378986000}, {"finalLink": "https://www.sec.gov/Archives/edgar/data/1065088/000095013405008154/f07687e10vq.htm", "sellingAndMarketingExpenses": 271349000, "revenue": 1031724000, "researchAndDevelopmentExpenses": 0.0, "acceptedDate": "2005-04-27 06:02:15", "fillingDate": "2005-04-27", "weightedAverageShsOutDil": 1382150000, "costAndExpenses": 696150000, "ebitda": 415234000, "ebitdaratio": 0.40246616343130526, "incomeBeforeTaxRatio": 0.3453026196928636, "incomeTaxExpense": -99948000, "totalOtherIncomeExpensesNet": 22403000, "grossProfit": 845355000, "otherExpenses": 102043000, "incomeBeforeTax": 356257000, "operatingExpenses": 509781000, "generalAndAdministrativeExpenses": 136389000, "netIncome": 256291000, "symbol": "EBAY", "weightedAverageShsOut": 1343442000, "period": "Q1", "link": "https://www.sec.gov/Archives/edgar/data/1065088/000095013405008154/0000950134-05-008154-index.htm", "date": "2005-03-31", "netIncomeRatio": 0.24841042759497695, "grossProfitRatio": 0.8193615734440606, "interestExpense": 1720000.0, "eps": 0.19, "epsdiluted": 0.19, "depreciationAndAmortization": 79660000, "costOfRevenue": 186369000, "operatingIncomeRatio": 0.3252555916117101, "operatingIncome": 335574000}, {"finalLink": "https://www.sec.gov/Archives/edgar/data/1065088/000095013405003827/f05426e10vk.htm", "sellingAndMarketingExpenses": 268879000, "revenue": 935782000, "researchAndDevelopmentExpenses": 0.0, "acceptedDate": "2005-02-28 06:02:53", "fillingDate": "2005-02-28", "weightedAverageShsOutDil": 1367720000, "costAndExpenses": 651059000, "ebitda": 357572000, "ebitdaratio": 0.38211036331111303, "incomeBeforeTaxRatio": 0.32189120970482443, "incomeTaxExpense": -95782000, "totalOtherIncomeExpensesNet": 18762000, "grossProfit": 759377000, "otherExpenses": 89497000, "incomeBeforeTax": 301220000, "operatingExpenses": 474654000, "generalAndAdministrativeExpenses": 116278000, "netIncome": 205379000, "symbol": "EBAY", "weightedAverageShsOut": 1319458000, "period": "FY", "link": "https://www.sec.gov/Archives/edgar/data/1065088/000095013405003827/0000950134-05-003827-index.htm", "date": "2004-12-31", "netIncomeRatio": 0.21947312515094328, "grossProfitRatio": 0.8114892143683037, "interestExpense": 2265000.0, "eps": 0.59, "epsdiluted": 0.59, "depreciationAndAmortization": 72849000, "costOfRevenue": 176405000, "operatingIncomeRatio": 0.3042621037805814, "operatingIncome": 284723000}, {"finalLink": "https://www.sec.gov/Archives/edgar/data/1065088/000089161804001299/f02570e10vq.htm", "sellingAndMarketingExpenses": 207155000, "revenue": 805876000, "researchAndDevelopmentExpenses": 0.0, "acceptedDate": "2004-10-27 17:24:14", "fillingDate": "2004-10-27", "weightedAverageShsOutDil": 680415000, "costAndExpenses": 551963000, "ebitda": 319635000, "ebitdaratio": 0.3966304989849555, "incomeBeforeTaxRatio": 0.3286361673508083, "incomeTaxExpense": -80749000, "totalOtherIncomeExpensesNet": 13163000, "grossProfit": 648755000, "otherExpenses": 81816000, "incomeBeforeTax": 264840000, "operatingExpenses": 394842000, "generalAndAdministrativeExpenses": 105871000, "netIncome": 182349000, "symbol": "EBAY", "weightedAverageShsOut": 657228000, "period": "Q3", "link": "https://www.sec.gov/Archives/edgar/data/1065088/000089161804001299/0000891618-04-001299-index.htm", "date": "2004-09-30", "netIncomeRatio": 0.22627426551975738, "grossProfitRatio": 0.8050307987829393, "interestExpense": 2236000.0, "eps": 0.87, "epsdiluted": 0.87, "depreciationAndAmortization": 65722000, "costOfRevenue": 157121000, "operatingIncomeRatio": 0.3150770093662052, "operatingIncome": 253913000}, {"finalLink": "https://www.sec.gov/Archives/edgar/data/1065088/000089161804001174/f00487e10vq.htm", "sellingAndMarketingExpenses": 189150000, "revenue": 773412000, "researchAndDevelopmentExpenses": 0.0, "acceptedDate": "2004-08-03 21:42:32", "fillingDate": "2004-08-04", "weightedAverageShsOutDil": 678150000, "costAndExpenses": 519554000, "ebitda": 313292000, "ebitdaratio": 0.40507775933137835, "incomeBeforeTaxRatio": 0.35460272144730104, "incomeTaxExpense": -81598000, "totalOtherIncomeExpensesNet": 22443000, "grossProfit": 626881000, "otherExpenses": 80933000, "incomeBeforeTax": 274254000, "operatingExpenses": 373023000, "generalAndAdministrativeExpenses": 102940000, "netIncome": 16823000, "symbol": "EBAY", "weightedAverageShsOut": 655287000, "period": "Q2", "link": "https://www.sec.gov/Archives/edgar/data/1065088/000089161804001174/0000891618-04-001174-index.htm", "date": "2004-06-30", "netIncomeRatio": 0.02175166664080723, "grossProfitRatio": 0.8105395313235377, "interestExpense": 2047000.0, "eps": 0.6, "epsdiluted": 0.58, "depreciationAndAmortization": 59434000, "costOfRevenue": 146531000, "operatingIncomeRatio": 0.32823126612982473, "operatingIncome": 253858000}, {"finalLink": "https://www.sec.gov/Archives/edgar/data/1065088/000095013404006993/f98560e10vq.htm", "sellingAndMarketingExpenses": 192690000, "revenue": 756239000, "researchAndDevelopmentExpenses": 0.0, "acceptedDate": "2004-05-07 18:40:29", "fillingDate": "2004-05-10", "weightedAverageShsOutDil": 673798000, "costAndExpenses": 489491000, "ebitda": 322433000, "ebitdaratio": 0.42636388760696026, "incomeBeforeTaxRatio": 0.3807209096595124, "incomeTaxExpense": -85756000, "totalOtherIncomeExpensesNet": 23499000, "grossProfit": 621881000, "otherExpenses": 71807000, "incomeBeforeTax": 287916000, "operatingExpenses": 355133000, "generalAndAdministrativeExpenses": 90636000, "netIncome": 373672000, "symbol": "EBAY", "weightedAverageShsOut": 652501000, "period": "Q1", "link": "https://www.sec.gov/Archives/edgar/data/1065088/000095013404006993/0000950134-04-006993-index.htm", "date": "2004-03-31", "netIncomeRatio": 0.4941189227215206, "grossProfitRatio": 0.8223339446920881, "interestExpense": 2331000.0, "eps": 0.31, "epsdiluted": 0.3, "depreciationAndAmortization": 55685000, "costOfRevenue": 134358000, "operatingIncomeRatio": 0.35272975871384576, "operatingIncome": 266748000}, {"finalLink": "https://www.sec.gov/Archives/edgar/data/1065088/000089161804000676/f96707ore10vk.htm", "sellingAndMarketingExpenses": 172781000, "revenue": 648393000, "researchAndDevelopmentExpenses": 0.0, "acceptedDate": "2004-03-05 19:41:45", "fillingDate": "2004-03-08", "weightedAverageShsOutDil": 631101428, "costAndExpenses": 445251000, "ebitda": 248260000, "ebitdaratio": 0.38288507124537124, "incomeBeforeTaxRatio": 0.3262635469537765, "incomeTaxExpense": -67040000, "totalOtherIncomeExpensesNet": 11384000, "grossProfit": 532936000, "otherExpenses": 61024000, "incomeBeforeTax": 211547000, "operatingExpenses": 329794000, "generalAndAdministrativeExpenses": 95989000, "netIncome": 142462000, "symbol": "EBAY", "weightedAverageShsOut": 631101428, "period": "FY", "link": "https://www.sec.gov/Archives/edgar/data/1065088/000089161804000676/0000891618-04-000676-index.htm", "date": "2003-12-31", "netIncomeRatio": 0.21971551204285056, "grossProfitRatio": 0.821933611251201, "interestExpense": 1979000.0, "eps": 0.7, "epsdiluted": 0.7, "depreciationAndAmortization": 45118000, "costOfRevenue": 115457000, "operatingIncomeRatio": 0.31330072965007333, "operatingIncome": 203142000}, {"finalLink": "https://www.sec.gov/Archives/edgar/data/1065088/000089161803005864/f94352ore10vq.htm", "sellingAndMarketingExpenses": 136408000, "revenue": 530942000, "researchAndDevelopmentExpenses": 0.0, "acceptedDate": "2003-11-12 16:51:56", "fillingDate": "2003-11-12", "weightedAverageShsOutDil": 653325000, "costAndExpenses": 375070000, "ebitda": 199230000, "ebitdaratio": 0.37523872664057467, "incomeBeforeTaxRatio": 0.3040087241167585, "incomeTaxExpense": -51137000, "totalOtherIncomeExpensesNet": 7806000.0, "grossProfit": 421589000, "otherExpenses": 55071000, "incomeBeforeTax": 161411000, "operatingExpenses": 265717000, "generalAndAdministrativeExpenses": 74238000, "netIncome": 103250000, "symbol": "EBAY", "weightedAverageShsOut": 635484000, "period": "Q3", "link": "https://www.sec.gov/Archives/edgar/data/1065088/000089161803005864/0000891618-03-005864-index.htm", "date": "2003-09-30", "netIncomeRatio": 0.1944656855174388, "grossProfitRatio": 0.7940396502819517, "interestExpense": 2267000.0, "eps": 0.48, "epsdiluted": 0.48, "depreciationAndAmortization": 43358000, "costOfRevenue": 109353000, "operatingIncomeRatio": 0.2935763228375227, "operatingIncome": 155872000}, {"finalLink": "https://www.sec.gov/Archives/edgar/data/1065088/000089161803004232/f92035e10vq.htm", "sellingAndMarketingExpenses": 134616000, "revenue": 509269000, "researchAndDevelopmentExpenses": 0.0, "acceptedDate": "2003-08-11 08:33:56", "fillingDate": "2003-08-11", "weightedAverageShsOutDil": 653530000, "costAndExpenses": 387186000, "ebitda": 190338000, "ebitdaratio": 0.3737474694120396, "incomeBeforeTaxRatio": 0.26107027916484216, "incomeTaxExpense": -39543000, "totalOtherIncomeExpensesNet": 10909000, "grossProfit": 410119000, "otherExpenses": 83944000, "incomeBeforeTax": 132955000, "operatingExpenses": 288036000, "generalAndAdministrativeExpenses": 69476000, "netIncome": 91868000, "symbol": "EBAY", "weightedAverageShsOut": 632448387, "period": "Q2", "link": "https://www.sec.gov/Archives/edgar/data/1065088/000089161803004232/0000891618-03-004232-index.htm", "date": "2003-06-30", "netIncomeRatio": 0.18039189504957104, "grossProfitRatio": 0.8053091784498958, "interestExpense": 37000.0, "eps": 0.31, "epsdiluted": 0.3, "depreciationAndAmortization": 68255000, "costOfRevenue": 99150000, "operatingIncomeRatio": 0.23972203295311514, "operatingIncome": 122083000}, {"finalLink": "https://www.sec.gov/Archives/edgar/data/1065088/000089161803002565/f90120e10vq.htm", "sellingAndMarketingExpenses": 123760000, "revenue": 476492000, "researchAndDevelopmentExpenses": 0.0, "acceptedDate": "2003-05-14 20:25:13", "fillingDate": "2003-05-15", "weightedAverageShsOutDil": 321259000, "costAndExpenses": 328348000, "ebitda": 150416000, "ebitdaratio": 0.31567371540340655, "incomeBeforeTaxRatio": 0.3265259437724033, "incomeTaxExpense": -49018000, "totalOtherIncomeExpensesNet": 7704000.0, "grossProfit": 384394000, "otherExpenses": 49490000, "incomeBeforeTax": 155587000, "operatingExpenses": 236250000, "generalAndAdministrativeExpenses": 63000000, "netIncome": 104191000, "symbol": "EBAY", "weightedAverageShsOut": 313658000, "period": "Q1", "link": "https://www.sec.gov/Archives/edgar/data/1065088/000089161803002565/0000891618-03-002565-index.htm", "date": "2003-03-31", "netIncomeRatio": 0.21866264281456982, "grossProfitRatio": 0.8067165870570755, "interestExpense": 31000.0, "eps": 0.33, "epsdiluted": 0.32, "depreciationAndAmortization": 2272000.0, "costOfRevenue": 92098000, "operatingIncomeRatio": 0.3109055346154815, "operatingIncome": 148144000}, {"finalLink": "https://www.sec.gov/Archives/edgar/data/1065088/000089161803001538/f88540e10vk.htm", "sellingAndMarketingExpenses": 108734000, "revenue": 413928000, "researchAndDevelopmentExpenses": 0.0, "acceptedDate": "2003-03-31 08:17:45", "fillingDate": "2003-03-31", "weightedAverageShsOutDil": 292820000, "costAndExpenses": 300005000, "ebitda": 141939000, "ebitdaratio": 0.3429074621673335, "incomeBeforeTaxRatio": 0.3332850157515317, "incomeTaxExpense": -48935000, "totalOtherIncomeExpensesNet": 24092000, "grossProfit": 331264000, "otherExpenses": 45263000, "incomeBeforeTax": 137956000, "operatingExpenses": 217341000, "generalAndAdministrativeExpenses": 63344000, "netIncome": 86996000, "symbol": "EBAY", "weightedAverageShsOut": 287496000, "period": "FY", "link": "https://www.sec.gov/Archives/edgar/data/1065088/000089161803001538/0000891618-03-001538-index.htm", "date": "2002-12-31", "netIncomeRatio": 0.21017181732088672, "grossProfitRatio": 0.8002937708973541, "interestExpense": -24092000, "eps": 0.87, "epsdiluted": 0.85, "depreciationAndAmortization": 28016000, "costOfRevenue": 82664000, "operatingIncomeRatio": 0.27522419357955974, "operatingIncome": 113923000}, {"finalLink": "https://www.sec.gov/Archives/edgar/data/1065088/000089161802005206/f85887e10vq.htm", "sellingAndMarketingExpenses": 88008000, "revenue": 288779000, "researchAndDevelopmentExpenses": 0.0, "acceptedDate": "2002-11-14 17:26:55", "fillingDate": "2002-11-14", "weightedAverageShsOutDil": 285637000, "costAndExpenses": 198662000, "ebitda": 107289000, "ebitdaratio": 0.3715263228974406, "incomeBeforeTaxRatio": 0.3331128648551314, "incomeTaxExpense": -34314000, "totalOtherIncomeExpensesNet": 8729000.0, "grossProfit": 243405000, "otherExpenses": 25928000, "incomeBeforeTax": 96196000, "operatingExpenses": 153288000, "generalAndAdministrativeExpenses": 39352000, "netIncome": 61003000, "symbol": "EBAY", "weightedAverageShsOut": 280448000, "period": "Q3", "link": "https://www.sec.gov/Archives/edgar/data/1065088/000089161802005206/0000891618-02-005206-index.htm", "date": "2002-09-30", "netIncomeRatio": 0.21124458495943266, "grossProfitRatio": 0.8428763864408423, "interestExpense": -26500000, "eps": 0.58, "epsdiluted": 0.57, "depreciationAndAmortization": 17172000, "costOfRevenue": 45374000, "operatingIncomeRatio": 0.31206216518514157, "operatingIncome": 90117000}, {"finalLink": "https://www.sec.gov/Archives/edgar/data/1065088/000089161802003551/f83131e10vq.htm", "sellingAndMarketingExpenses": 79804000, "revenue": 266287000, "researchAndDevelopmentExpenses": 0.0, "acceptedDate": "2002-08-06 16:42:08", "fillingDate": "2002-08-06", "weightedAverageShsOutDil": 285142000, "costAndExpenses": 186846000, "ebitda": 97818000, "ebitdaratio": 0.36734050103835336, "incomeBeforeTaxRatio": 0.3295091386361332, "incomeTaxExpense": -33286000, "totalOtherIncomeExpensesNet": 9001000.0, "grossProfit": 221726000, "otherExpenses": 25885000, "incomeBeforeTax": 87744000, "operatingExpenses": 142285000, "generalAndAdministrativeExpenses": 36596000, "netIncome": 54308000, "symbol": "EBAY", "weightedAverageShsOut": 279525000, "period": "Q2", "link": "https://www.sec.gov/Archives/edgar/data/1065088/000089161802003551/0000891618-02-003551-index.htm", "date": "2002-06-30", "netIncomeRatio": 0.2039453672165746, "grossProfitRatio": 0.8326579968229767, "interestExpense": 698000.0, "eps": 0.36, "epsdiluted": 0.36, "depreciationAndAmortization": 18377000, "costOfRevenue": 44561000, "operatingIncomeRatio": 0.2983284951950339, "operatingIncome": 79441000}, {"finalLink": "https://www.sec.gov/Archives/edgar/data/1065088/000089161802002255/f81188e10-q.htm", "sellingAndMarketingExpenses": 73104000, "revenue": 245106000, "researchAndDevelopmentExpenses": 0.0, "acceptedDate": "2002-05-09 21:05:37", "fillingDate": "2002-05-10", "weightedAverageShsOutDil": 284891000, "costAndExpenses": 174390000, "ebitda": 83727000, "ebitdaratio": 0.34159506499228903, "incomeBeforeTaxRatio": 0.31103685752286764, "incomeTaxExpense": -29411000, "totalOtherIncomeExpensesNet": 7387000.0, "grossProfit": 203829000, "otherExpenses": 27516000, "incomeBeforeTax": 76237000, "operatingExpenses": 133113000, "generalAndAdministrativeExpenses": 32493000, "netIncome": 47584000, "symbol": "EBAY", "weightedAverageShsOut": 278332000, "period": "Q1", "link": "https://www.sec.gov/Archives/edgar/data/1065088/000089161802002255/0000891618-02-002255-index.htm", "date": "2002-03-31", "netIncomeRatio": 0.1941364144492587, "grossProfitRatio": 0.8315953097843382, "interestExpense": 685000.0, "eps": 0.17, "epsdiluted": 0.17, "depreciationAndAmortization": 13011000, "costOfRevenue": 41277000, "operatingIncomeRatio": 0.28851190913319136, "operatingIncome": 70716000}]