[{"finalLink": "https://www.sec.gov/Archives/edgar/data/2488/000000248820000051/amdq1fy2010q.htm", "sellingAndMarketingExpenses": 0.0, "revenue": 1786000000, "researchAndDevelopmentExpenses": 442000000, "acceptedDate": "2020-04-29 16:33:04", "fillingDate": "2020-04-29", "weightedAverageShsOutDil": 1224000000, "costAndExpenses": 1609000000, "ebitda": 259000000, "ebitdaratio": 0.145016797312, "incomeBeforeTaxRatio": 0.0940649496081, "incomeTaxExpense": 6000000.0, "totalOtherIncomeExpensesNet": 4000000.0, "grossProfit": 818000000, "otherExpenses": 4000000.0, "incomeBeforeTax": 168000000, "operatingExpenses": 641000000, "generalAndAdministrativeExpenses": 199000000, "netIncome": 162000000, "symbol": "AMD", "weightedAverageShsOut": 1170000000, "period": "Q1", "link": "https://www.sec.gov/Archives/edgar/data/2488/000000248820000051/0000002488-20-000051-index.htm", "date": "2020-03-28", "netIncomeRatio": 0.0907054871221, "grossProfitRatio": 0.458006718924972, "interestExpense": 13000000, "eps": 0.14, "epsdiluted": 0.14, "depreciationAndAmortization": 82000000, "costOfRevenue": 968000000, "operatingIncomeRatio": 0.0991041433371, "operatingIncome": 177000000}, {"finalLink": "https://www.sec.gov/Archives/edgar/data/2488/000000248820000008/amdform10-kfy2019.htm", "sellingAndMarketingExpenses": 0.0, "revenue": 2127000000, "researchAndDevelopmentExpenses": 395000000, "acceptedDate": "2020-02-04 17:21:47", "fillingDate": "2020-02-04", "weightedAverageShsOutDil": 1120000000, "costAndExpenses": 1779000000, "ebitda": 426000000, "ebitdaratio": 0.200282087447, "incomeBeforeTaxRatio": 0.0963798777621, "incomeTaxExpense": 35000000, "totalOtherIncomeExpensesNet": 0.0, "grossProfit": 949000000, "otherExpenses": -125000000, "incomeBeforeTax": 205000000, "operatingExpenses": 601000000, "generalAndAdministrativeExpenses": 206000000, "netIncome": 170000000, "symbol": "AMD", "weightedAverageShsOut": 1091000000, "period": "FY", "link": "https://www.sec.gov/Archives/edgar/data/2488/000000248820000008/0000002488-20-000008-index.htm", "date": "2019-12-28", "netIncomeRatio": 0.0799247766808, "grossProfitRatio": 0.4461683121767748, "interestExpense": 18000000, "eps": 0.15, "epsdiluted": 0.15, "depreciationAndAmortization": 78000000, "costOfRevenue": 1178000000, "operatingIncomeRatio": 0.163610719323, "operatingIncome": 348000000}, {"finalLink": "https://www.sec.gov/Archives/edgar/data/2488/000000248819000159/amd0928201910q.htm", "sellingAndMarketingExpenses": 0.0, "revenue": 1801000000, "researchAndDevelopmentExpenses": 406000000, "acceptedDate": "2019-10-30 16:17:03", "fillingDate": "2019-10-30", "weightedAverageShsOutDil": 1107000000, "costAndExpenses": 1615000000, "ebitda": 262000000, "ebitdaratio": 0.145474736258, "incomeBeforeTaxRatio": 0.0699611327041, "incomeTaxExpense": 7000000.0, "totalOtherIncomeExpensesNet": 4000000.0, "grossProfit": 777000000, "otherExpenses": -36000000, "incomeBeforeTax": 126000000, "operatingExpenses": 591000000, "generalAndAdministrativeExpenses": 185000000, "netIncome": 120000000, "symbol": "AMD", "weightedAverageShsOut": 1075000000, "period": "Q3", "link": "https://www.sec.gov/Archives/edgar/data/2488/000000248819000159/0000002488-19-000159-index.htm", "date": "2019-09-28", "netIncomeRatio": 0.0666296501943, "grossProfitRatio": 0.4314269850083287, "interestExpense": 24000000, "eps": 0.11, "epsdiluted": 0.1, "depreciationAndAmortization": 76000000, "costOfRevenue": 1024000000, "operatingIncomeRatio": 0.103275957801, "operatingIncome": 186000000}, {"finalLink": "https://www.sec.gov/Archives/edgar/data/2488/000000248819000104/amd0629201910q.htm", "sellingAndMarketingExpenses": 0.0, "revenue": 1531000000, "researchAndDevelopmentExpenses": 373000000, "acceptedDate": "2019-07-31 16:27:08", "fillingDate": "2019-07-31", "weightedAverageShsOutDil": 1102000000, "costAndExpenses": 1472000000, "ebitda": 138000000, "ebitdaratio": 0.0901371652515, "incomeBeforeTaxRatio": 0.0248203788374, "incomeTaxExpense": 2000000.0, "totalOtherIncomeExpensesNet": 3000000.0, "grossProfit": 621000000, "otherExpenses": 3000000.0, "incomeBeforeTax": 38000000, "operatingExpenses": 562000000, "generalAndAdministrativeExpenses": 189000000, "netIncome": 35000000, "symbol": "AMD", "weightedAverageShsOut": 1064000000, "period": "Q2", "link": "https://www.sec.gov/Archives/edgar/data/2488/000000248819000104/0000002488-19-000104-index.htm", "date": "2019-06-29", "netIncomeRatio": 0.0228608752449, "grossProfitRatio": 0.40561724363161333, "interestExpense": 25000000, "eps": 0.04, "epsdiluted": 0.04, "depreciationAndAmortization": 79000000, "costOfRevenue": 910000000, "operatingIncomeRatio": 0.0385369039843, "operatingIncome": 59000000}, {"finalLink": "https://www.sec.gov/Archives/edgar/data/2488/000000248819000045/amd0330201910q.htm", "sellingAndMarketingExpenses": 0.0, "revenue": 1272000000, "researchAndDevelopmentExpenses": 373000000, "acceptedDate": "2019-05-01 16:36:40", "fillingDate": "2019-05-01", "weightedAverageShsOutDil": 1094000000, "costAndExpenses": 1294000000, "ebitda": 93000000, "ebitdaratio": 0.0731132075472, "incomeBeforeTaxRatio": 0.0031446540880503146, "incomeTaxExpense": -13000000, "totalOtherIncomeExpensesNet": -7000000.0, "grossProfit": 521000000, "otherExpenses": -7000000.0, "incomeBeforeTax": 3000000.0, "operatingExpenses": 543000000, "generalAndAdministrativeExpenses": 170000000, "netIncome": 16000000, "symbol": "AMD", "weightedAverageShsOut": 1044000000, "period": "Q1", "link": "https://www.sec.gov/Archives/edgar/data/2488/000000248819000045/0000002488-19-000045-index.htm", "date": "2019-03-30", "netIncomeRatio": 0.0125786163522, "grossProfitRatio": 0.40959119496855345, "interestExpense": 27000000, "eps": 0.01, "epsdiluted": 0.01, "depreciationAndAmortization": 55000000, "costOfRevenue": 751000000, "operatingIncomeRatio": 0.0298742138365, "operatingIncome": 38000000}, {"finalLink": "https://www.sec.gov/Archives/edgar/data/2488/000000248819000011/amd-12292018x10k.htm", "sellingAndMarketingExpenses": 0.0, "revenue": 1419000000, "researchAndDevelopmentExpenses": 371000000, "acceptedDate": "2019-02-08 16:44:26", "fillingDate": "2019-02-08", "weightedAverageShsOutDil": 1064000000, "costAndExpenses": 1391000000, "ebitda": 80000000, "ebitdaratio": 0.0563777307963, "incomeBeforeTaxRatio": 0.00211416490486, "incomeTaxExpense": -35000000, "totalOtherIncomeExpensesNet": 0.0, "grossProfit": 537000000, "otherExpenses": 4000000.0, "incomeBeforeTax": 3000000.0, "operatingExpenses": 509000000, "generalAndAdministrativeExpenses": 138000000, "netIncome": 38000000, "symbol": "AMD", "weightedAverageShsOut": 982000000, "period": "FY", "link": "https://www.sec.gov/Archives/edgar/data/2488/000000248819000011/0000002488-19-000011-index.htm", "date": "2018-12-29", "netIncomeRatio": 0.0267794221283, "grossProfitRatio": 0.3784355179704017, "interestExpense": 29000000, "eps": 0.03, "epsdiluted": 0.04, "depreciationAndAmortization": 52000000, "costOfRevenue": 882000000, "operatingIncomeRatio": 0.0197322057787, "operatingIncome": 28000000}, {"finalLink": "https://www.sec.gov/Archives/edgar/data/2488/000000248818000189/amd0929201810q.htm", "sellingAndMarketingExpenses": 0.0, "revenue": 1653000000, "researchAndDevelopmentExpenses": 363000000, "acceptedDate": "2018-10-31 16:15:18", "fillingDate": "2018-10-31", "weightedAverageShsOutDil": 1058000000, "costAndExpenses": 1503000000, "ebitda": 200000000, "ebitdaratio": 0.120992135511, "incomeBeforeTaxRatio": 0.0689655172414, "incomeTaxExpense": 12000000, "totalOtherIncomeExpensesNet": -2000000.0, "grossProfit": 661000000, "otherExpenses": -6000000.0, "incomeBeforeTax": 114000000, "operatingExpenses": 511000000, "generalAndAdministrativeExpenses": 148000000, "netIncome": 102000000, "symbol": "AMD", "weightedAverageShsOut": 976000000, "period": "Q3", "link": "https://www.sec.gov/Archives/edgar/data/2488/000000248818000189/0000002488-18-000189-index.htm", "date": "2018-09-29", "netIncomeRatio": 0.0617059891107, "grossProfitRatio": 0.3998790078644888, "interestExpense": 30000000, "eps": 0.11, "epsdiluted": 0.09, "depreciationAndAmortization": 50000000, "costOfRevenue": 992000000, "operatingIncomeRatio": 0.0907441016334, "operatingIncome": 150000000}, {"finalLink": "https://www.sec.gov/Archives/edgar/data/2488/000000248818000128/amd0630201810q.htm", "sellingAndMarketingExpenses": 0.0, "revenue": 1756000000, "researchAndDevelopmentExpenses": 357000000, "acceptedDate": "2018-08-02 16:28:52", "fillingDate": "2018-08-02", "weightedAverageShsOutDil": 1043000000, "costAndExpenses": 1603000000, "ebitda": 205000000, "ebitdaratio": 0.116742596811, "incomeBeforeTaxRatio": 0.0694760820046, "incomeTaxExpense": 6000000.0, "totalOtherIncomeExpensesNet": 1000000.0, "grossProfit": 652000000, "otherExpenses": 1000000.0, "incomeBeforeTax": 122000000, "operatingExpenses": 499000000, "generalAndAdministrativeExpenses": 142000000, "netIncome": 116000000, "symbol": "AMD", "weightedAverageShsOut": 970000000, "period": "Q2", "link": "https://www.sec.gov/Archives/edgar/data/2488/000000248818000128/0000002488-18-000128-index.htm", "date": "2018-06-30", "netIncomeRatio": 0.0660592255125, "grossProfitRatio": 0.3712984054669704, "interestExpense": 31000000, "eps": 0.12, "epsdiluted": 0.11, "depreciationAndAmortization": 52000000, "costOfRevenue": 1104000000, "operatingIncomeRatio": 0.0871298405467, "operatingIncome": 153000000}, {"finalLink": "https://www.sec.gov/Archives/edgar/data/2488/000000248818000068/amd0331201810q.htm", "sellingAndMarketingExpenses": 0.0, "revenue": 1647000000, "researchAndDevelopmentExpenses": 343000000, "acceptedDate": "2018-05-03 16:45:08", "fillingDate": "2018-05-03", "weightedAverageShsOutDil": 1039000000, "costAndExpenses": 1527000000, "ebitda": 174000000, "ebitdaratio": 0.105646630237, "incomeBeforeTaxRatio": 0.0546448087431694, "incomeTaxExpense": 8000000.0, "totalOtherIncomeExpensesNet": 1000000.0, "grossProfit": 597000000, "otherExpenses": 1000000.0, "incomeBeforeTax": 89000000, "operatingExpenses": 477000000, "generalAndAdministrativeExpenses": 134000000, "netIncome": 81000000, "symbol": "AMD", "weightedAverageShsOut": 968000000, "period": "Q1", "link": "https://www.sec.gov/Archives/edgar/data/2488/000000248818000068/0000002488-18-000068-index.htm", "date": "2018-03-31", "netIncomeRatio": 0.0491803278689, "grossProfitRatio": 0.36247723132969034, "interestExpense": 31000000, "eps": 0.08, "epsdiluted": 0.08, "depreciationAndAmortization": 54000000, "costOfRevenue": 1050000000, "operatingIncomeRatio": 0.0728597449909, "operatingIncome": 120000000}, {"finalLink": "https://www.sec.gov/Archives/edgar/data/2488/000000248818000042/amd-12302017x10k.htm", "sellingAndMarketingExpenses": 0.0, "revenue": 1480000000, "researchAndDevelopmentExpenses": 300000000, "acceptedDate": "2018-02-27 16:18:58", "fillingDate": "2018-02-27", "weightedAverageShsOutDil": 1039000000, "costAndExpenses": 1398000000, "ebitda": 130000000, "ebitdaratio": 0.0878378378378, "incomeBeforeTaxRatio": 0.0358108108108, "incomeTaxExpense": -8000000.0, "totalOtherIncomeExpensesNet": 2000000.0, "grossProfit": 515000000, "otherExpenses": 2000000.0, "incomeBeforeTax": 53000000, "operatingExpenses": 433000000, "generalAndAdministrativeExpenses": 133000000, "netIncome": 61000000, "symbol": "AMD", "weightedAverageShsOut": 952000000, "period": "FY", "link": "https://www.sec.gov/Archives/edgar/data/2488/000000248818000042/0000002488-18-000042-index.htm", "date": "2017-12-30", "netIncomeRatio": 0.0412162162162, "grossProfitRatio": 0.34797297297297297, "interestExpense": 31000000, "eps": 0.06, "epsdiluted": 0.06, "depreciationAndAmortization": 48000000, "costOfRevenue": 965000000, "operatingIncomeRatio": 0.0554054054054, "operatingIncome": 82000000}, {"finalLink": "https://www.sec.gov/Archives/edgar/data/2488/000000248817000227/amd0930201710q.htm", "sellingAndMarketingExpenses": 0.0, "revenue": 1643000000, "researchAndDevelopmentExpenses": 315000000, "acceptedDate": "2017-11-02 17:00:49", "fillingDate": "2017-11-02", "weightedAverageShsOutDil": 947000000, "costAndExpenses": 1517000000, "ebitda": 171000000, "ebitdaratio": 0.104077906269, "incomeBeforeTaxRatio": 0.0559951308582, "incomeTaxExpense": 19000000, "totalOtherIncomeExpensesNet": -3000000.0, "grossProfit": 573000000, "otherExpenses": -3000000.0, "incomeBeforeTax": 92000000, "operatingExpenses": 447000000, "generalAndAdministrativeExpenses": 132000000, "netIncome": 71000000, "symbol": "AMD", "weightedAverageShsOut": 947000000, "period": "Q3", "link": "https://www.sec.gov/Archives/edgar/data/2488/000000248817000227/0000002488-17-000227-index.htm", "date": "2017-09-30", "netIncomeRatio": 0.0432136335971, "grossProfitRatio": 0.3487522824102252, "interestExpense": 31000000, "eps": 0.07, "epsdiluted": 0.07, "depreciationAndAmortization": 45000000, "costOfRevenue": 1070000000, "operatingIncomeRatio": 0.0766889835666, "operatingIncome": 126000000}, {"finalLink": "https://www.sec.gov/Archives/edgar/data/2488/000000248817000156/amd0701201710q.htm", "sellingAndMarketingExpenses": 0.0, "revenue": 1222000000, "researchAndDevelopmentExpenses": 279000000, "acceptedDate": "2017-08-03 16:43:29", "fillingDate": "2017-08-03", "weightedAverageShsOutDil": 942000000, "costAndExpenses": 1222000000, "ebitda": 69000000, "ebitdaratio": 0.056464811784, "incomeBeforeTaxRatio": -0.008183306055646482, "incomeTaxExpense": 3000000.0, "totalOtherIncomeExpensesNet": -8000000.0, "grossProfit": 404000000, "otherExpenses": -3000000.0, "incomeBeforeTax": -10000000, "operatingExpenses": 404000000, "generalAndAdministrativeExpenses": 125000000, "netIncome": -16000000, "symbol": "AMD", "weightedAverageShsOut": 942000000, "period": "Q2", "link": "https://www.sec.gov/Archives/edgar/data/2488/000000248817000156/0000002488-17-000156-index.htm", "date": "2017-07-01", "netIncomeRatio": -0.01309328968903437, "grossProfitRatio": 0.33060556464811786, "interestExpense": 32000000, "eps": -0.01, "epsdiluted": -0.01, "depreciationAndAmortization": 44000000, "costOfRevenue": 818000000, "operatingIncomeRatio": 0.0204582651391, "operatingIncome": 25000000}, {"finalLink": "https://www.sec.gov/Archives/edgar/data/2488/000000248817000107/amd0401201710q.htm", "sellingAndMarketingExpenses": 0.0, "revenue": 984000000, "researchAndDevelopmentExpenses": 266000000, "acceptedDate": "2017-05-08 16:35:05", "fillingDate": "2017-05-08", "weightedAverageShsOutDil": 939000000, "costAndExpenses": 1040000000, "ebitda": 14000000, "ebitdaratio": 0.0142276422764, "incomeBeforeTaxRatio": -0.06707317073170732, "incomeTaxExpense": 5000000.0, "totalOtherIncomeExpensesNet": 0.0, "grossProfit": 331000000, "otherExpenses": -5000000.0, "incomeBeforeTax": -66000000, "operatingExpenses": 387000000, "generalAndAdministrativeExpenses": 121000000, "netIncome": -73000000, "symbol": "AMD", "weightedAverageShsOut": 939000000, "period": "Q1", "link": "https://www.sec.gov/Archives/edgar/data/2488/000000248817000107/0000002488-17-000107-index.htm", "date": "2017-04-01", "netIncomeRatio": -0.0741869918699187, "grossProfitRatio": 0.3363821138211382, "interestExpense": 32000000, "eps": -0.08, "epsdiluted": -0.08, "depreciationAndAmortization": 43000000, "costOfRevenue": 653000000, "operatingIncomeRatio": -0.06707317073170732, "operatingIncome": -66000000}, {"finalLink": "https://www.sec.gov/Archives/edgar/data/2488/000000248817000043/amd-12312016x10k.htm", "sellingAndMarketingExpenses": 0.0, "revenue": 1106000000, "researchAndDevelopmentExpenses": 264000000, "acceptedDate": "2017-02-21 16:52:14", "fillingDate": "2017-02-21", "weightedAverageShsOutDil": 835000000, "costAndExpenses": 1140000000, "ebitda": 41000000, "ebitdaratio": 0.0370705244123, "incomeBeforeTaxRatio": -0.039783001808318265, "incomeTaxExpense": 5000000.0, "totalOtherIncomeExpensesNet": -7000000.0, "grossProfit": 351000000, "otherExpenses": -7000000.0, "incomeBeforeTax": -44000000, "operatingExpenses": 385000000, "generalAndAdministrativeExpenses": 121000000, "netIncome": -51000000, "symbol": "AMD", "weightedAverageShsOut": 835000000, "period": "FY", "link": "https://www.sec.gov/Archives/edgar/data/2488/000000248817000043/0000002488-17-000043-index.htm", "date": "2016-12-31", "netIncomeRatio": -0.0461121157323689, "grossProfitRatio": 0.31735985533453887, "interestExpense": 34000000, "eps": -0.04, "epsdiluted": -0.04, "depreciationAndAmortization": 44000000, "costOfRevenue": 755000000, "operatingIncomeRatio": -0.039783001808318265, "operatingIncome": -44000000}, {"finalLink": "https://www.sec.gov/Archives/edgar/data/2488/000000248816000263/amd0924201610q.htm", "sellingAndMarketingExpenses": 0.0, "revenue": 1307000000, "researchAndDevelopmentExpenses": 259000000, "acceptedDate": "2016-10-26 17:15:05", "fillingDate": "2016-10-26", "weightedAverageShsOutDil": 801000000, "costAndExpenses": 1624000000, "ebitda": -360000000, "ebitdaratio": -0.2754399387911247, "incomeBeforeTaxRatio": -0.30374904361132365, "incomeTaxExpense": 4000000.0, "totalOtherIncomeExpensesNet": -63000000, "grossProfit": 59000000, "otherExpenses": -63000000, "incomeBeforeTax": -397000000, "operatingExpenses": 376000000, "generalAndAdministrativeExpenses": 117000000, "netIncome": -406000000, "symbol": "AMD", "weightedAverageShsOut": 801000000, "period": "Q3", "link": "https://www.sec.gov/Archives/edgar/data/2488/000000248816000263/0000002488-16-000263-index.htm", "date": "2016-09-24", "netIncomeRatio": -0.31063504208110176, "grossProfitRatio": 0.045141545524101, "interestExpense": 41000000, "eps": -0.51, "epsdiluted": -0.51, "depreciationAndAmortization": 37000000, "costOfRevenue": 1248000000, "operatingIncomeRatio": -0.30374904361132365, "operatingIncome": -397000000}, {"finalLink": "https://www.sec.gov/Archives/edgar/data/2488/000000248816000213/amd0625201610q.htm", "sellingAndMarketingExpenses": 0.0, "revenue": 1027000000, "researchAndDevelopmentExpenses": 243000000, "acceptedDate": "2016-07-25 18:22:04", "fillingDate": "2016-07-26", "weightedAverageShsOutDil": 794000000, "costAndExpenses": 1068000000, "ebitda": 28000000, "ebitdaratio": 0.0272638753651, "incomeBeforeTaxRatio": 0.0983446932814, "incomeTaxExpense": 29000000, "totalOtherIncomeExpensesNet": 150000000, "grossProfit": 319000000, "otherExpenses": 150000000, "incomeBeforeTax": 101000000, "operatingExpenses": 360000000, "generalAndAdministrativeExpenses": 117000000, "netIncome": 69000000, "symbol": "AMD", "weightedAverageShsOut": 794000000, "period": "Q2", "link": "https://www.sec.gov/Archives/edgar/data/2488/000000248816000213/0000002488-16-000213-index.htm", "date": "2016-06-25", "netIncomeRatio": 0.0671859785784, "grossProfitRatio": 0.31061343719571566, "interestExpense": 41000000, "eps": 0.09, "epsdiluted": 0.09, "depreciationAndAmortization": 36000000, "costOfRevenue": 708000000, "operatingIncomeRatio": 0.09834469328140215, "operatingIncome": 101000000}, {"finalLink": "https://www.sec.gov/Archives/edgar/data/2488/000000248816000124/amd0326201610q.htm", "sellingAndMarketingExpenses": 0.0, "revenue": 832000000, "researchAndDevelopmentExpenses": 242000000, "acceptedDate": "2016-04-28 16:23:25", "fillingDate": "2016-04-28", "weightedAverageShsOutDil": 793000000, "costAndExpenses": 910000000, "ebitda": -71000000, "ebitdaratio": -0.08533653846153846, "incomeBeforeTaxRatio": -0.12980769230769232, "incomeTaxExpense": 1000000.0, "totalOtherIncomeExpensesNet": 0.0, "grossProfit": 269000000, "otherExpenses": 0.0, "incomeBeforeTax": -108000000, "operatingExpenses": 347000000, "generalAndAdministrativeExpenses": 105000000, "netIncome": -109000000, "symbol": "AMD", "weightedAverageShsOut": 793000000, "period": "Q1", "link": "https://www.sec.gov/Archives/edgar/data/2488/000000248816000124/0000002488-16-000124-index.htm", "date": "2016-03-26", "netIncomeRatio": -0.1310096153846154, "grossProfitRatio": 0.3233173076923077, "interestExpense": 40000000, "eps": -0.14, "epsdiluted": -0.14, "depreciationAndAmortization": 37000000, "costOfRevenue": 563000000, "operatingIncomeRatio": -0.12980769230769232, "operatingIncome": -108000000}, {"finalLink": "https://www.sec.gov/Archives/edgar/data/2488/000000248816000111/amd-12262015x10k.htm", "sellingAndMarketingExpenses": 0.0, "revenue": 958000000, "researchAndDevelopmentExpenses": 229000000, "acceptedDate": "2016-02-18 16:19:58", "fillingDate": "2016-02-18", "weightedAverageShsOutDil": 783000000, "costAndExpenses": 1013000000, "ebitda": -12000000, "ebitdaratio": -0.012526096033402923, "incomeBeforeTaxRatio": -0.09603340292275574, "incomeTaxExpense": 10000000, "totalOtherIncomeExpensesNet": 0.0, "grossProfit": 283000000, "otherExpenses": -2000000.0, "incomeBeforeTax": -92000000, "operatingExpenses": 338000000, "generalAndAdministrativeExpenses": 109000000, "netIncome": -102000000, "symbol": "AMD", "weightedAverageShsOut": 783000000, "period": "FY", "link": "https://www.sec.gov/Archives/edgar/data/2488/000000248816000111/0000002488-16-000111-index.htm", "date": "2015-12-26", "netIncomeRatio": -0.10647181628392484, "grossProfitRatio": 0.2954070981210856, "interestExpense": 41000000, "eps": -0.12, "epsdiluted": -0.12, "depreciationAndAmortization": 37000000, "costOfRevenue": 675000000, "operatingIncomeRatio": -0.0511482254697286, "operatingIncome": -49000000}, {"finalLink": "https://www.sec.gov/Archives/edgar/data/2488/000000248815000067/amd0926201510q.htm", "sellingAndMarketingExpenses": 0.0, "revenue": 1061000000, "researchAndDevelopmentExpenses": 241000000, "acceptedDate": "2015-11-03 16:35:22", "fillingDate": "2015-11-03", "weightedAverageShsOutDil": 780000000, "costAndExpenses": 1171000000, "ebitda": -114000000, "ebitdaratio": -0.10744580584354382, "incomeBeforeTaxRatio": -0.18567389255419417, "incomeTaxExpense": 0.0, "totalOtherIncomeExpensesNet": 0.0, "grossProfit": 239000000, "otherExpenses": 0.0, "incomeBeforeTax": -197000000, "operatingExpenses": 349000000, "generalAndAdministrativeExpenses": 108000000, "netIncome": -197000000, "symbol": "AMD", "weightedAverageShsOut": 780000000, "period": "Q3", "link": "https://www.sec.gov/Archives/edgar/data/2488/000000248815000067/0000002488-15-000067-index.htm", "date": "2015-09-26", "netIncomeRatio": -0.18567389255419417, "grossProfitRatio": 0.22525918944392084, "interestExpense": 39000000, "eps": -0.26, "epsdiluted": -0.26, "depreciationAndAmortization": 44000000, "costOfRevenue": 822000000, "operatingIncomeRatio": -0.14891611687087652, "operatingIncome": -158000000}, {"finalLink": "https://www.sec.gov/Archives/edgar/data/2488/000162828015005620/amd0627201510q.htm", "sellingAndMarketingExpenses": 0.0, "revenue": 942000000, "researchAndDevelopmentExpenses": 235000000, "acceptedDate": "2015-07-30 16:55:47", "fillingDate": "2015-07-30", "weightedAverageShsOutDil": 778000000, "costAndExpenses": 1079000000, "ebitda": -89000000, "ebitdaratio": -0.09447983014861996, "incomeBeforeTaxRatio": -0.1910828025477707, "incomeTaxExpense": 1000000.0, "totalOtherIncomeExpensesNet": 0.0, "grossProfit": 232000000, "otherExpenses": -3000000.0, "incomeBeforeTax": -180000000, "operatingExpenses": 369000000, "generalAndAdministrativeExpenses": 134000000, "netIncome": -181000000, "symbol": "AMD", "weightedAverageShsOut": 778000000, "period": "Q2", "link": "https://www.sec.gov/Archives/edgar/data/2488/000162828015005620/0001628280-15-005620-index.htm", "date": "2015-06-27", "netIncomeRatio": -0.1921443736730361, "grossProfitRatio": 0.24628450106157113, "interestExpense": 40000000, "eps": -0.23, "epsdiluted": -0.23, "depreciationAndAmortization": 48000000, "costOfRevenue": 710000000, "operatingIncomeRatio": -0.1454352441613588, "operatingIncome": -137000000}, {"finalLink": "https://www.sec.gov/Archives/edgar/data/2488/000119312515156842/d914071d10q.htm", "sellingAndMarketingExpenses": 0.0, "revenue": 1030000000, "researchAndDevelopmentExpenses": 242000000, "acceptedDate": "2015-04-29 16:55:05", "fillingDate": "2015-04-29", "weightedAverageShsOutDil": 777000000, "costAndExpenses": 1080000000, "ebitda": -88000000, "ebitdaratio": -0.0854368932038835, "incomeBeforeTaxRatio": -0.17184466019417477, "incomeTaxExpense": 3000000.0, "totalOtherIncomeExpensesNet": 0.0, "grossProfit": 326000000, "otherExpenses": 0.0, "incomeBeforeTax": -177000000, "operatingExpenses": 376000000, "generalAndAdministrativeExpenses": 131000000, "netIncome": -180000000, "symbol": "AMD", "weightedAverageShsOut": 777000000, "period": "Q1", "link": "https://www.sec.gov/Archives/edgar/data/2488/000119312515156842/0001193125-15-156842-index.htm", "date": "2015-03-28", "netIncomeRatio": -0.17475728155339806, "grossProfitRatio": 0.31650485436893205, "interestExpense": 40000000, "eps": -0.23, "epsdiluted": -0.23, "depreciationAndAmortization": 49000000, "costOfRevenue": 704000000, "operatingIncomeRatio": -0.13300970873786408, "operatingIncome": -137000000}, {"finalLink": "https://www.sec.gov/Archives/edgar/data/2488/000119312515054362/d871455d10k.htm", "sellingAndMarketingExpenses": 0.0, "revenue": 1239000000, "researchAndDevelopmentExpenses": 238000000, "acceptedDate": "2015-02-19 17:08:48", "fillingDate": "2015-02-19", "weightedAverageShsOutDil": 768000000, "costAndExpenses": 1265000000, "ebitda": -276000000, "ebitdaratio": -0.22276029055690072, "incomeBeforeTaxRatio": -0.29620661824051653, "incomeTaxExpense": -3000000.0, "totalOtherIncomeExpensesNet": 3000000.0, "grossProfit": 360000000, "otherExpenses": 3000000.0, "incomeBeforeTax": -367000000, "operatingExpenses": 386000000, "generalAndAdministrativeExpenses": 144000000, "netIncome": -364000000, "symbol": "AMD", "weightedAverageShsOut": 768000000, "period": "FY", "link": "https://www.sec.gov/Archives/edgar/data/2488/000119312515054362/0001193125-15-054362-index.htm", "date": "2014-12-27", "netIncomeRatio": -0.2937853107344633, "grossProfitRatio": 0.29055690072639223, "interestExpense": 41000000, "eps": -0.48, "epsdiluted": -0.48, "depreciationAndAmortization": 54000000, "costOfRevenue": 879000000, "operatingIncomeRatio": -0.26634382566585957, "operatingIncome": -330000000}, {"finalLink": "https://www.sec.gov/Archives/edgar/data/2488/000119312514389701/d809825d10q.htm", "sellingAndMarketingExpenses": 0.0, "revenue": 1429000000, "researchAndDevelopmentExpenses": 278000000, "acceptedDate": "2014-10-30 16:23:21", "fillingDate": "2014-10-30", "weightedAverageShsOutDil": 765000000, "costAndExpenses": 1366000000, "ebitda": 114000000, "ebitdaratio": 0.0797760671798, "incomeBeforeTaxRatio": 0.0132960111966, "incomeTaxExpense": 2000000.0, "totalOtherIncomeExpensesNet": -72000000, "grossProfit": 494000000, "otherExpenses": -2000000.0, "incomeBeforeTax": 19000000, "operatingExpenses": 431000000, "generalAndAdministrativeExpenses": 150000000, "netIncome": 17000000, "symbol": "AMD", "weightedAverageShsOut": 765000000, "period": "Q3", "link": "https://www.sec.gov/Archives/edgar/data/2488/000119312514389701/0001193125-14-389701-index.htm", "date": "2014-09-27", "netIncomeRatio": 0.0118964310707, "grossProfitRatio": 0.3456962911126662, "interestExpense": 43000000, "eps": 0.02, "epsdiluted": 0.02, "depreciationAndAmortization": 51000000, "costOfRevenue": 935000000, "operatingIncomeRatio": 0.0440867739678, "operatingIncome": 63000000}, {"finalLink": "https://www.sec.gov/Archives/edgar/data/2488/000119312514289796/d763314d10q.htm", "sellingAndMarketingExpenses": 0.0, "revenue": 1441000000, "researchAndDevelopmentExpenses": 277000000, "acceptedDate": "2014-07-31 16:40:31", "fillingDate": "2014-07-31", "weightedAverageShsOutDil": 762000000, "costAndExpenses": 1378000000, "ebitda": 119000000, "ebitdaratio": 0.0825815405968, "incomeBeforeTaxRatio": -0.02220680083275503, "incomeTaxExpense": 4000000.0, "totalOtherIncomeExpensesNet": 0.0, "grossProfit": 498000000, "otherExpenses": -49000000, "incomeBeforeTax": -32000000, "operatingExpenses": 435000000, "generalAndAdministrativeExpenses": 154000000, "netIncome": -36000000, "symbol": "AMD", "weightedAverageShsOut": 762000000, "period": "Q2", "link": "https://www.sec.gov/Archives/edgar/data/2488/000119312514289796/0001193125-14-289796-index.htm", "date": "2014-06-28", "netIncomeRatio": -0.02498265093684941, "grossProfitRatio": 0.34559333795975017, "interestExpense": 46000000, "eps": -0.04, "epsdiluted": -0.04, "depreciationAndAmortization": 56000000, "costOfRevenue": 943000000, "operatingIncomeRatio": 0.0437196391395, "operatingIncome": 63000000}, {"finalLink": "https://www.sec.gov/Archives/edgar/data/2488/000119312514177314/d714367d10q.htm", "sellingAndMarketingExpenses": 0.0, "revenue": 1397000000, "researchAndDevelopmentExpenses": 279000000, "acceptedDate": "2014-05-01 16:41:28", "fillingDate": "2014-05-01", "weightedAverageShsOutDil": 761000000, "costAndExpenses": 1348000000, "ebitda": 108000000, "ebitdaratio": 0.0773085182534, "incomeBeforeTaxRatio": -0.012884753042233358, "incomeTaxExpense": 2000000.0, "totalOtherIncomeExpensesNet": 0.0, "grossProfit": 487000000, "otherExpenses": -21000000, "incomeBeforeTax": -18000000, "operatingExpenses": 438000000, "generalAndAdministrativeExpenses": 156000000, "netIncome": -20000000, "symbol": "AMD", "weightedAverageShsOut": 761000000, "period": "Q1", "link": "https://www.sec.gov/Archives/edgar/data/2488/000119312514177314/0001193125-14-177314-index.htm", "date": "2014-03-29", "netIncomeRatio": -0.014316392269148175, "grossProfitRatio": 0.34860415175375803, "interestExpense": 47000000, "eps": -0.03, "epsdiluted": -0.03, "depreciationAndAmortization": 59000000, "costOfRevenue": 910000000, "operatingIncomeRatio": 0.0350751610594, "operatingIncome": 49000000}, {"finalLink": "https://www.sec.gov/Archives/edgar/data/2488/000119312514057240/d674550d10k.htm", "sellingAndMarketingExpenses": 0.0, "revenue": 1589000000, "researchAndDevelopmentExpenses": 293000000, "acceptedDate": "2014-02-18 16:56:49", "fillingDate": "2014-02-18", "weightedAverageShsOutDil": 754000000, "costAndExpenses": 1502000000, "ebitda": 196000000, "ebitdaratio": 0.123348017621, "incomeBeforeTaxRatio": 0.0566393958464, "incomeTaxExpense": 1000000.0, "totalOtherIncomeExpensesNet": -2000000.0, "grossProfit": 553000000, "otherExpenses": -2000000.0, "incomeBeforeTax": 90000000, "operatingExpenses": 466000000, "generalAndAdministrativeExpenses": 169000000, "netIncome": 89000000, "symbol": "AMD", "weightedAverageShsOut": 35000000, "period": "FY", "link": "https://www.sec.gov/Archives/edgar/data/2488/000119312514057240/0001193125-14-057240-index.htm", "date": "2013-12-28", "netIncomeRatio": 0.0560100692259, "grossProfitRatio": 0.34801762114537443, "interestExpense": 44000000, "eps": 0.12, "epsdiluted": 0.12, "depreciationAndAmortization": 61000000, "costOfRevenue": 1036000000, "operatingIncomeRatio": 0.0849590937697, "operatingIncome": 135000000}, {"finalLink": "https://www.sec.gov/Archives/edgar/data/2488/000119312513418892/d616608d10q.htm", "sellingAndMarketingExpenses": 0.0, "revenue": 1461000000, "researchAndDevelopmentExpenses": 288000000, "acceptedDate": "2013-10-30 17:31:32", "fillingDate": "2013-10-30", "weightedAverageShsOutDil": 753000000, "costAndExpenses": 1388000000, "ebitda": 158000000, "ebitdaratio": 0.108145106092, "incomeBeforeTaxRatio": 0.0349075975359, "incomeTaxExpense": 3000000.0, "totalOtherIncomeExpensesNet": 2000000.0, "grossProfit": 521000000, "otherExpenses": 2000000.0, "incomeBeforeTax": 51000000, "operatingExpenses": 448000000, "generalAndAdministrativeExpenses": 155000000, "netIncome": 48000000, "symbol": "AMD", "weightedAverageShsOut": 753000000, "period": "Q3", "link": "https://www.sec.gov/Archives/edgar/data/2488/000119312513418892/0001193125-13-418892-index.htm", "date": "2013-09-28", "netIncomeRatio": 0.0328542094456, "grossProfitRatio": 0.35660506502395617, "interestExpense": 47000000, "eps": 0.06, "epsdiluted": 0.06, "depreciationAndAmortization": 63000000, "costOfRevenue": 940000000, "operatingIncomeRatio": 0.0650239561944, "operatingIncome": 95000000}, {"finalLink": "https://www.sec.gov/Archives/edgar/data/2488/000119312513315281/d573303d10q.htm", "sellingAndMarketingExpenses": 0.0, "revenue": 2249000000, "researchAndDevelopmentExpenses": 620000000, "acceptedDate": "2013-08-01 17:10:34", "fillingDate": "2013-08-01", "weightedAverageShsOutDil": 751000000, "costAndExpenses": 2324000000, "ebitda": 10000000, "ebitdaratio": 0.00444642063139, "incomeBeforeTaxRatio": -0.0611541774332472, "incomeTaxExpense": 5000000.0, "totalOtherIncomeExpensesNet": -2000000.0, "grossProfit": 904000000, "otherExpenses": -2000000.0, "incomeBeforeTax": -71000000, "operatingExpenses": 979000000, "generalAndAdministrativeExpenses": 350000000, "netIncome": -74000000, "symbol": "AMD", "weightedAverageShsOut": 751000000, "period": "Q2", "link": "https://www.sec.gov/Archives/edgar/data/2488/000119312513315281/0001193125-13-315281-index.htm", "date": "2013-06-29", "netIncomeRatio": -0.06373815676141258, "grossProfitRatio": 0.4019564250778124, "interestExpense": 86000000, "eps": -0.29, "epsdiluted": -0.29, "depreciationAndAmortization": 137000000, "costOfRevenue": 1345000000, "operatingIncomeRatio": 0.014642549526270457, "operatingIncome": 17000000}, {"finalLink": "https://www.sec.gov/Archives/edgar/data/2488/000119312513201635/d528331d10q.htm", "sellingAndMarketingExpenses": 0.0, "revenue": 1088000000, "researchAndDevelopmentExpenses": 312000000, "acceptedDate": "2013-05-06 16:18:25", "fillingDate": "2013-05-06", "weightedAverageShsOutDil": 0.0, "costAndExpenses": 1134000000, "ebitda": -78000000, "ebitdaratio": -0.07169117647058823, "incomeBeforeTaxRatio": -0.1323529411764706, "incomeTaxExpense": 2000000.0, "totalOtherIncomeExpensesNet": -3000000.0, "grossProfit": 445000000, "otherExpenses": -3000000.0, "incomeBeforeTax": -144000000, "operatingExpenses": 491000000, "generalAndAdministrativeExpenses": 179000000, "netIncome": -146000000, "symbol": "AMD", "weightedAverageShsOut": 0.0, "period": "Q1", "link": "https://www.sec.gov/Archives/edgar/data/2488/000119312513201635/0001193125-13-201635-index.htm", "date": "2013-03-31", "netIncomeRatio": -0.13419117647058823, "grossProfitRatio": 0.40900735294117646, "interestExpense": 0.0, "eps": 0.0, "epsdiluted": 0.0, "depreciationAndAmortization": 66000000, "costOfRevenue": 643000000, "operatingIncomeRatio": -0.1323529411764706, "operatingIncome": -144000000}, {"finalLink": "https://www.sec.gov/Archives/edgar/data/2488/000119312513069422/d486815d10k.htm", "sellingAndMarketingExpenses": 0.0, "revenue": 1155000000, "researchAndDevelopmentExpenses": 313000000, "acceptedDate": "2013-02-21 16:44:05", "fillingDate": "2013-02-21", "weightedAverageShsOutDil": 741000000, "costAndExpenses": 1483000000, "ebitda": -350000000, "ebitdaratio": -0.30303030303030304, "incomeBeforeTaxRatio": -0.40606060606060607, "incomeTaxExpense": 4000000.0, "totalOtherIncomeExpensesNet": -4000000.0, "grossProfit": 178000000, "otherExpenses": -4000000.0, "incomeBeforeTax": -469000000, "operatingExpenses": 506000000, "generalAndAdministrativeExpenses": 193000000, "netIncome": -473000000, "symbol": "AMD", "weightedAverageShsOut": 741000000, "period": "FY", "link": "https://www.sec.gov/Archives/edgar/data/2488/000119312513069422/0001193125-13-069422-index.htm", "date": "2012-12-29", "netIncomeRatio": -0.4095238095238095, "grossProfitRatio": 0.15411255411255412, "interestExpense": 45000000, "eps": -0.64, "epsdiluted": -0.64, "depreciationAndAmortization": 72000000, "costOfRevenue": 977000000, "operatingIncomeRatio": -0.36536796536796534, "operatingIncome": -422000000}, {"finalLink": "https://www.sec.gov/Archives/edgar/data/2488/000119312512446647/d430047d10q.htm", "sellingAndMarketingExpenses": 0.0, "revenue": 1269000000, "researchAndDevelopmentExpenses": 328000000, "acceptedDate": "2012-11-01 16:32:22", "fillingDate": "2012-11-01", "weightedAverageShsOutDil": 739000000, "costAndExpenses": 1393000000, "ebitda": -60000000, "ebitdaratio": -0.04728132387706856, "incomeBeforeTaxRatio": -0.12371946414499606, "incomeTaxExpense": 38000000, "totalOtherIncomeExpensesNet": 16000000, "grossProfit": 392000000, "otherExpenses": 16000000, "incomeBeforeTax": -157000000, "operatingExpenses": 516000000, "generalAndAdministrativeExpenses": 188000000, "netIncome": -157000000, "symbol": "AMD", "weightedAverageShsOut": 739000000, "period": "Q3", "link": "https://www.sec.gov/Archives/edgar/data/2488/000119312512446647/0001193125-12-446647-index.htm", "date": "2012-09-29", "netIncomeRatio": -0.12371946414499606, "grossProfitRatio": 0.30890464933018125, "interestExpense": 44000000, "eps": -0.21, "epsdiluted": -0.21, "depreciationAndAmortization": 71000000, "costOfRevenue": 877000000, "operatingIncomeRatio": -0.10323089046493301, "operatingIncome": -131000000}, {"finalLink": "https://www.sec.gov/Archives/edgar/data/2488/000119312512332074/d386402d10q.htm", "sellingAndMarketingExpenses": 0.0, "revenue": 1413000000, "researchAndDevelopmentExpenses": 345000000, "acceptedDate": "2012-08-02 16:47:15", "fillingDate": "2012-08-02", "weightedAverageShsOutDil": 737000000, "costAndExpenses": 1332000000, "ebitda": 148000000, "ebitdaratio": 0.10474168436, "incomeBeforeTaxRatio": 0.0219391365888, "incomeTaxExpense": -6000000.0, "totalOtherIncomeExpensesNet": -5000000.0, "grossProfit": 638000000, "otherExpenses": -6000000.0, "incomeBeforeTax": 31000000, "operatingExpenses": 557000000, "generalAndAdministrativeExpenses": 212000000, "netIncome": 37000000, "symbol": "AMD", "weightedAverageShsOut": 737000000, "period": "Q2", "link": "https://www.sec.gov/Archives/edgar/data/2488/000119312512332074/0001193125-12-332074-index.htm", "date": "2012-06-30", "netIncomeRatio": 0.0261854210899, "grossProfitRatio": 0.45152158527954706, "interestExpense": 43000000, "eps": 0.05, "epsdiluted": 0.05, "depreciationAndAmortization": 71000000, "costOfRevenue": 775000000, "operatingIncomeRatio": 0.0544939844303, "operatingIncome": 77000000}, {"finalLink": "https://www.sec.gov/Archives/edgar/data/2488/000119312512222047/d312884d10q.htm", "sellingAndMarketingExpenses": 0.0, "revenue": 1585000000, "researchAndDevelopmentExpenses": 368000000, "acceptedDate": "2012-05-09 16:14:05", "fillingDate": "2012-05-09", "weightedAverageShsOutDil": 734000000, "costAndExpenses": 2156000000, "ebitda": -511000000, "ebitdaratio": -0.322397476340694, "incomeBeforeTaxRatio": -0.3924290220820189, "incomeTaxExpense": -32000000, "totalOtherIncomeExpensesNet": -1000000.0, "grossProfit": 27000000, "otherExpenses": 0.0, "incomeBeforeTax": -622000000, "operatingExpenses": 598000000, "generalAndAdministrativeExpenses": 230000000, "netIncome": -590000000, "symbol": "AMD", "weightedAverageShsOut": 734000000, "period": "Q1", "link": "https://www.sec.gov/Archives/edgar/data/2488/000119312512222047/0001193125-12-222047-index.htm", "date": "2012-03-31", "netIncomeRatio": -0.3722397476340694, "grossProfitRatio": 0.017034700315457414, "interestExpense": 43000000, "eps": -0.8, "epsdiluted": -0.8, "depreciationAndAmortization": 69000000, "costOfRevenue": 1558000000, "operatingIncomeRatio": -0.3659305993690852, "operatingIncome": -580000000}, {"finalLink": "https://www.sec.gov/Archives/edgar/data/2488/000119312512075837/d257108d10k.htm", "sellingAndMarketingExpenses": 0.0, "revenue": 1691000000, "researchAndDevelopmentExpenses": 358000000, "acceptedDate": "2012-02-23 19:04:58", "fillingDate": "2012-02-24", "weightedAverageShsOutDil": 742000000, "costAndExpenses": 1493000000, "ebitda": 145000000, "ebitdaratio": 0.0857480780603, "incomeBeforeTaxRatio": -0.10467179183914843, "incomeTaxExpense": -4000000.0, "totalOtherIncomeExpensesNet": -207000000, "grossProfit": 773000000, "otherExpenses": -207000000, "incomeBeforeTax": -177000000, "operatingExpenses": 575000000, "generalAndAdministrativeExpenses": 243000000, "netIncome": -177000000, "symbol": "AMD", "weightedAverageShsOut": 727000000, "period": "FY", "link": "https://www.sec.gov/Archives/edgar/data/2488/000119312512075837/0001193125-12-075837-index.htm", "date": "2011-12-31", "netIncomeRatio": -0.10467179183914843, "grossProfitRatio": 0.4571259609698403, "interestExpense": 43000000, "eps": -0.24, "epsdiluted": -0.24, "depreciationAndAmortization": 74000000, "costOfRevenue": 918000000, "operatingIncomeRatio": 0.0419869899468, "operatingIncome": 71000000}, {"finalLink": "https://www.sec.gov/Archives/edgar/data/2488/000119312511304833/d226122d10q.htm", "sellingAndMarketingExpenses": 0.0, "revenue": 1690000000, "researchAndDevelopmentExpenses": 361000000, "acceptedDate": "2011-11-09 17:20:11", "fillingDate": "2011-11-09", "weightedAverageShsOutDil": 742000000, "costAndExpenses": 1552000000, "ebitda": 222000000, "ebitdaratio": 0.131360946746, "incomeBeforeTaxRatio": 0.0544378698225, "incomeTaxExpense": -5000000.0, "totalOtherIncomeExpensesNet": -7000000.0, "grossProfit": 756000000, "otherExpenses": -7000000.0, "incomeBeforeTax": 92000000, "operatingExpenses": 618000000, "generalAndAdministrativeExpenses": 249000000, "netIncome": 97000000, "symbol": "AMD", "weightedAverageShsOut": 725000000, "period": "Q3", "link": "https://www.sec.gov/Archives/edgar/data/2488/000119312511304833/0001193125-11-304833-index.htm", "date": "2011-10-01", "netIncomeRatio": 0.0573964497041, "grossProfitRatio": 0.44733727810650886, "interestExpense": 42000000, "eps": 0.13, "epsdiluted": 0.14, "depreciationAndAmortization": 84000000, "costOfRevenue": 934000000, "operatingIncomeRatio": 0.0816568047337, "operatingIncome": 138000000}, {"finalLink": "https://www.sec.gov/Archives/edgar/data/2488/000119312511218202/d10q.htm", "sellingAndMarketingExpenses": 0.0, "revenue": 1574000000, "researchAndDevelopmentExpenses": 367000000, "acceptedDate": "2011-08-10 16:47:26", "fillingDate": "2011-08-10", "weightedAverageShsOutDil": 766000000, "costAndExpenses": 1469000000, "ebitda": 191000000, "ebitdaratio": 0.121346886912, "incomeBeforeTaxRatio": 0.0406607369759, "incomeTaxExpense": 3000000.0, "totalOtherIncomeExpensesNet": 4000000.0, "grossProfit": 720000000, "otherExpenses": 15000000, "incomeBeforeTax": 64000000, "operatingExpenses": 615000000, "generalAndAdministrativeExpenses": 239000000, "netIncome": 61000000, "symbol": "AMD", "weightedAverageShsOut": 722000000, "period": "Q2", "link": "https://www.sec.gov/Archives/edgar/data/2488/000119312511218202/0001193125-11-218202-index.htm", "date": "2011-07-02", "netIncomeRatio": 0.0387547649301, "grossProfitRatio": 0.45743329097839897, "interestExpense": 47000000, "eps": 0.08, "epsdiluted": 0.08, "depreciationAndAmortization": 86000000, "costOfRevenue": 854000000, "operatingIncomeRatio": 0.066709021601, "operatingIncome": 105000000}, {"finalLink": "https://www.sec.gov/Archives/edgar/data/2488/000119312511134452/d10q.htm", "sellingAndMarketingExpenses": 0.0, "revenue": 1613000000, "researchAndDevelopmentExpenses": 367000000, "acceptedDate": "2011-05-10 17:24:39", "fillingDate": "2011-05-10", "weightedAverageShsOutDil": 764000000, "costAndExpenses": 1559000000, "ebitda": 147000000, "ebitdaratio": 0.0911345319281, "incomeBeforeTaxRatio": 0.0123992560446, "incomeTaxExpense": 2000000.0, "totalOtherIncomeExpensesNet": 11000000, "grossProfit": 691000000, "otherExpenses": 0.0, "incomeBeforeTax": 20000000, "operatingExpenses": 637000000, "generalAndAdministrativeExpenses": 261000000, "netIncome": 510000000, "symbol": "AMD", "weightedAverageShsOut": 720000000, "period": "Q1", "link": "https://www.sec.gov/Archives/edgar/data/2488/000119312511134452/0001193125-11-134452-index.htm", "date": "2011-04-02", "netIncomeRatio": 0.316181029138, "grossProfitRatio": 0.4283942963422195, "interestExpense": 48000000, "eps": 0.71, "epsdiluted": 0.68, "depreciationAndAmortization": 93000000, "costOfRevenue": 922000000, "operatingIncomeRatio": 0.0334779913205, "operatingIncome": 54000000}, {"finalLink": "https://www.sec.gov/Archives/edgar/data/2488/000119312511040392/d10k.htm", "sellingAndMarketingExpenses": 0.0, "revenue": 1649000000, "researchAndDevelopmentExpenses": 352000000, "acceptedDate": "2011-02-18 16:38:16", "fillingDate": "2011-02-18", "weightedAverageShsOutDil": 733000000, "costAndExpenses": 1519000000, "ebitda": 500000000, "ebitdaratio": 0.303214069133, "incomeBeforeTaxRatio": 0.236506973924, "incomeTaxExpense": 42000000, "totalOtherIncomeExpensesNet": 14000000, "grossProfit": 743000000, "otherExpenses": 14000000, "incomeBeforeTax": 390000000, "operatingExpenses": 613000000, "generalAndAdministrativeExpenses": 250000000, "netIncome": 375000000, "symbol": "AMD", "weightedAverageShsOut": 711000000, "period": "FY", "link": "https://www.sec.gov/Archives/edgar/data/2488/000119312511040392/0001193125-11-040392-index.htm", "date": "2010-12-25", "netIncomeRatio": 0.22741055185, "grossProfitRatio": 0.45057610673135234, "interestExpense": 39000000, "eps": 0.53, "epsdiluted": 0.51, "depreciationAndAmortization": 87000000, "costOfRevenue": 906000000, "operatingIncomeRatio": 0.250454821104, "operatingIncome": 413000000}, {"finalLink": "https://www.sec.gov/Archives/edgar/data/2488/000119312510246357/d10q.htm", "sellingAndMarketingExpenses": 0.0, "revenue": 1618000000, "researchAndDevelopmentExpenses": 359000000, "acceptedDate": "2010-11-03 17:25:11", "fillingDate": "2010-11-03", "weightedAverageShsOutDil": 732000000, "costAndExpenses": 1490000000, "ebitda": 225000000, "ebitdaratio": 0.139060568603, "incomeBeforeTaxRatio": 0.0426452410383, "incomeTaxExpense": 1000000.0, "totalOtherIncomeExpensesNet": -6000000.0, "grossProfit": 739000000, "otherExpenses": -6000000.0, "incomeBeforeTax": 69000000, "operatingExpenses": 611000000, "generalAndAdministrativeExpenses": 236000000, "netIncome": -118000000, "symbol": "AMD", "weightedAverageShsOut": 710000000, "period": "Q3", "link": "https://www.sec.gov/Archives/edgar/data/2488/000119312510246357/0001193125-10-246357-index.htm", "date": "2010-09-25", "netIncomeRatio": -0.07292954264524104, "grossProfitRatio": 0.45673671199011123, "interestExpense": 56000000, "eps": -0.17, "epsdiluted": -0.16, "depreciationAndAmortization": 97000000, "costOfRevenue": 879000000, "operatingIncomeRatio": 0.0791100123609, "operatingIncome": 128000000}, {"finalLink": "https://www.sec.gov/Archives/edgar/data/2488/000119312510177386/d10q.htm", "sellingAndMarketingExpenses": 0.0, "revenue": 3227000000, "researchAndDevelopmentExpenses": 694000000, "acceptedDate": "2010-08-04 17:11:03", "fillingDate": "2010-08-04", "weightedAverageShsOutDil": 732000000, "costAndExpenses": 2924000000, "ebitda": 520000000, "ebitdaratio": 0.16114037806, "incomeBeforeTaxRatio": 0.158661295321, "incomeTaxExpense": -5000000.0, "totalOtherIncomeExpensesNet": -1000000.0, "grossProfit": 1479000000, "otherExpenses": -1000000.0, "incomeBeforeTax": 512000000, "operatingExpenses": 1176000000, "generalAndAdministrativeExpenses": 448000000, "netIncome": 214000000, "symbol": "AMD", "weightedAverageShsOut": 708000000, "period": "Q2", "link": "https://www.sec.gov/Archives/edgar/data/2488/000119312510177386/0001193125-10-177386-index.htm", "date": "2010-06-26", "netIncomeRatio": 0.0663154632786, "grossProfitRatio": 0.4583204214440657, "interestExpense": 104000000, "eps": 0.3, "epsdiluted": 0.29, "depreciationAndAmortization": 213000000, "costOfRevenue": 1748000000, "operatingIncomeRatio": 0.095134800124, "operatingIncome": 307000000}, {"finalLink": "https://www.sec.gov/Archives/edgar/data/2488/000119312510106750/d10q.htm", "sellingAndMarketingExpenses": 0.0, "revenue": 1574000000, "researchAndDevelopmentExpenses": 323000000, "acceptedDate": "2010-05-04 17:14:57", "fillingDate": "2010-05-04", "weightedAverageShsOutDil": 754000000, "costAndExpenses": 1375000000, "ebitda": 282000000, "ebitdaratio": 0.17916137229987295, "incomeBeforeTaxRatio": 0.2795425667090216, "incomeTaxExpense": 0.0, "totalOtherIncomeExpensesNet": 304000000, "grossProfit": 741000000, "otherExpenses": 304000000, "incomeBeforeTax": 440000000, "operatingExpenses": 542000000, "generalAndAdministrativeExpenses": 219000000, "netIncome": 257000000, "symbol": "AMD", "weightedAverageShsOut": 707000000, "period": "Q1", "link": "https://www.sec.gov/Archives/edgar/data/2488/000119312510106750/0001193125-10-106750-index.htm", "date": "2010-03-27", "netIncomeRatio": 0.16327827191867852, "grossProfitRatio": 0.4707750952986023, "interestExpense": -49000000, "eps": 0.36, "epsdiluted": 0.35, "depreciationAndAmortization": 100000000, "costOfRevenue": 833000000, "operatingIncomeRatio": 0.1156289707750953, "operatingIncome": 182000000}, {"finalLink": "https://www.sec.gov/Archives/edgar/data/2488/000119312510035218/d10k.htm", "sellingAndMarketingExpenses": 0.0, "revenue": 1646000000, "researchAndDevelopmentExpenses": 432000000, "acceptedDate": "2010-02-19 16:16:09", "fillingDate": "2010-02-19", "weightedAverageShsOutDil": 678000000, "costAndExpenses": 1582000000, "ebitda": 1572000000, "ebitdaratio": 0.9550425273390036, "incomeBeforeTaxRatio": 0.7235722964763062, "incomeTaxExpense": 11000000, "totalOtherIncomeExpensesNet": 19000000, "grossProfit": 735000000, "otherExpenses": 19000000, "incomeBeforeTax": 1191000000, "operatingExpenses": 671000000, "generalAndAdministrativeExpenses": 239000000, "netIncome": 1177000000, "symbol": "AMD", "weightedAverageShsOut": 673000000, "period": "FY", "link": "https://www.sec.gov/Archives/edgar/data/2488/000119312510035218/0001193125-10-035218-index.htm", "date": "2009-12-26", "netIncomeRatio": 0.7150668286755771, "grossProfitRatio": 0.4465370595382746, "interestExpense": 319000000, "eps": 0.46, "epsdiluted": 0.46, "depreciationAndAmortization": 284000000, "costOfRevenue": 911000000, "operatingIncomeRatio": 0.7825030376670717, "operatingIncome": 1288000000}, {"finalLink": "https://www.sec.gov/Archives/edgar/data/2488/000119312509223772/d10q.htm", "sellingAndMarketingExpenses": 0.0, "revenue": 1396000000, "researchAndDevelopmentExpenses": 420000000, "acceptedDate": "2009-11-04 16:16:29", "fillingDate": "2009-11-04", "weightedAverageShsOutDil": 662000000, "costAndExpenses": 1452000000, "ebitda": 205000000, "ebitdaratio": 0.14684813753581663, "incomeBeforeTaxRatio": -0.10028653295128939, "incomeTaxExpense": -5000000.0, "totalOtherIncomeExpensesNet": 47000000, "grossProfit": 585000000, "otherExpenses": 47000000, "incomeBeforeTax": -140000000, "operatingExpenses": 641000000, "generalAndAdministrativeExpenses": 221000000, "netIncome": -135000000, "symbol": "AMD", "weightedAverageShsOut": 662000000, "period": "Q3", "link": "https://www.sec.gov/Archives/edgar/data/2488/000119312509223772/0001193125-09-223772-index.htm", "date": "2009-09-26", "netIncomeRatio": -0.09670487106017192, "grossProfitRatio": 0.419054441260745, "interestExpense": -114000000, "eps": -0.05, "epsdiluted": -0.05, "depreciationAndAmortization": 282000000, "costOfRevenue": 811000000, "operatingIncomeRatio": -0.05515759312320917, "operatingIncome": -77000000}, {"finalLink": "https://www.sec.gov/Archives/edgar/data/2488/000119312509165410/d10q.htm", "sellingAndMarketingExpenses": 0.0, "revenue": 1184000000, "researchAndDevelopmentExpenses": 425000000, "acceptedDate": "2009-08-05 16:13:51", "fillingDate": "2009-08-05", "weightedAverageShsOutDil": 647000000, "costAndExpenses": 1415000000, "ebitda": 33000000, "ebitdaratio": 0.02787162162162162, "incomeBeforeTaxRatio": -0.29138513513513514, "incomeTaxExpense": -10000000, "totalOtherIncomeExpensesNet": 6000000.0, "grossProfit": 441000000, "otherExpenses": 6000000.0, "incomeBeforeTax": -345000000, "operatingExpenses": 672000000, "generalAndAdministrativeExpenses": 247000000, "netIncome": -335000000, "symbol": "AMD", "weightedAverageShsOut": 647000000, "period": "Q2", "link": "https://www.sec.gov/Archives/edgar/data/2488/000119312509165410/0001193125-09-165410-index.htm", "date": "2009-06-27", "netIncomeRatio": -0.2829391891891892, "grossProfitRatio": 0.37246621621621623, "interestExpense": -108000000, "eps": -0.028, "epsdiluted": -0.028, "depreciationAndAmortization": 282000000, "costOfRevenue": 743000000, "operatingIncomeRatio": -0.21030405405405406, "operatingIncome": -249000000}, {"finalLink": "https://www.sec.gov/Archives/edgar/data/2488/000119312509101683/d10q.htm", "sellingAndMarketingExpenses": 0.0, "revenue": 1177000000, "researchAndDevelopmentExpenses": 444000000, "acceptedDate": "2009-05-06 17:05:34", "fillingDate": "2009-05-06", "weightedAverageShsOutDil": 626000000, "costAndExpenses": 1397000000, "ebitda": -18000000, "ebitdaratio": -0.015293118096856415, "incomeBeforeTaxRatio": -0.2531860662701784, "incomeTaxExpense": 116000000, "totalOtherIncomeExpensesNet": 94000000, "grossProfit": 511000000, "otherExpenses": 94000000, "incomeBeforeTax": -298000000, "operatingExpenses": 731000000, "generalAndAdministrativeExpenses": 287000000, "netIncome": -414000000, "symbol": "AMD", "weightedAverageShsOut": 626000000, "period": "Q1", "link": "https://www.sec.gov/Archives/edgar/data/2488/000119312509101683/0001193125-09-101683-index.htm", "date": "2009-03-28", "netIncomeRatio": -0.3517417162276975, "grossProfitRatio": 0.43415463041631264, "interestExpense": -97000000, "eps": -8.0, "epsdiluted": -8.0, "depreciationAndAmortization": 280000000, "costOfRevenue": 666000000, "operatingIncomeRatio": -0.2531860662701784, "operatingIncome": -298000000}, {"finalLink": "https://www.sec.gov/Archives/edgar/data/2488/000119312509036235/d10k.htm", "sellingAndMarketingExpenses": 0.0, "revenue": 1227000000, "researchAndDevelopmentExpenses": 529000000, "acceptedDate": "2009-02-24 16:32:20", "fillingDate": "2009-02-24", "weightedAverageShsOutDil": 607000000, "costAndExpenses": 1961000000, "ebitda": -1426000000, "ebitdaratio": -1.1621841890790545, "incomeBeforeTaxRatio": -1.445802770986145, "incomeTaxExpense": 69000000, "totalOtherIncomeExpensesNet": 37000000, "grossProfit": 115000000, "otherExpenses": 37000000, "incomeBeforeTax": -1774000000, "operatingExpenses": 849000000, "generalAndAdministrativeExpenses": 320000000, "netIncome": -1424000000, "symbol": "AMD", "weightedAverageShsOut": 607000000, "period": "FY", "link": "https://www.sec.gov/Archives/edgar/data/2488/000119312509036235/0001193125-09-036235-index.htm", "date": "2008-12-27", "netIncomeRatio": -1.1605541972290139, "grossProfitRatio": 0.09372453137734311, "interestExpense": -89000000, "eps": -3.98, "epsdiluted": -3.98, "depreciationAndAmortization": 303000000, "costOfRevenue": 1112000000, "operatingIncomeRatio": -1.4091279543602282, "operatingIncome": -1729000000}, {"finalLink": "https://www.sec.gov/Archives/edgar/data/2488/000119312508228082/d10q.htm", "sellingAndMarketingExpenses": 0.0, "revenue": 1776000000, "researchAndDevelopmentExpenses": 422000000, "acceptedDate": "2008-11-06 17:00:24", "fillingDate": "2008-11-06", "weightedAverageShsOutDil": 607000000, "costAndExpenses": 1606000000, "ebitda": 424000000, "ebitdaratio": 0.23873873873873874, "incomeBeforeTaxRatio": 0.026463963963963964, "incomeTaxExpense": -1000000.0, "totalOtherIncomeExpensesNet": -4000000.0, "grossProfit": 905000000, "otherExpenses": -4000000.0, "incomeBeforeTax": 47000000, "operatingExpenses": 735000000, "generalAndAdministrativeExpenses": 313000000, "netIncome": -127000000, "symbol": "AMD", "weightedAverageShsOut": 607000000, "period": "Q3", "link": "https://www.sec.gov/Archives/edgar/data/2488/000119312508228082/0001193125-08-228082-index.htm", "date": "2008-09-27", "netIncomeRatio": -0.07150900900900901, "grossProfitRatio": 0.5095720720720721, "interestExpense": -87000000, "eps": -2.76, "epsdiluted": -2.76, "depreciationAndAmortization": 293000000, "costOfRevenue": 871000000, "operatingIncomeRatio": 0.07376126126126126, "operatingIncome": 131000000}, {"finalLink": "https://www.sec.gov/Archives/edgar/data/2488/000119312508168449/d10q.htm", "sellingAndMarketingExpenses": 0.0, "revenue": 1300000000, "researchAndDevelopmentExpenses": 396000000, "acceptedDate": "2008-08-06 17:15:28", "fillingDate": "2008-08-06", "weightedAverageShsOutDil": 606000000, "costAndExpenses": 1354000000, "ebitda": 217000000, "ebitdaratio": 0.16692307692307692, "incomeBeforeTaxRatio": -0.14461538461538462, "incomeTaxExpense": 0.0, "totalOtherIncomeExpensesNet": -10000000, "grossProfit": 672000000, "otherExpenses": -10000000, "incomeBeforeTax": -188000000, "operatingExpenses": 726000000, "generalAndAdministrativeExpenses": 330000000, "netIncome": -1189000000, "symbol": "AMD", "weightedAverageShsOut": 606000000, "period": "Q2", "link": "https://www.sec.gov/Archives/edgar/data/2488/000119312508168449/0001193125-08-168449-index.htm", "date": "2008-06-28", "netIncomeRatio": -0.9146153846153846, "grossProfitRatio": 0.5169230769230769, "interestExpense": -95000000, "eps": -2.55, "epsdiluted": -2.55, "depreciationAndAmortization": 310000000, "costOfRevenue": 628000000, "operatingIncomeRatio": -0.07153846153846154, "operatingIncome": -93000000}, {"finalLink": "https://www.sec.gov/Archives/edgar/data/2488/000119312508105559/d10q.htm", "sellingAndMarketingExpenses": 0.0, "revenue": 1505000000, "researchAndDevelopmentExpenses": 501000000, "acceptedDate": "2008-05-07 13:34:54", "fillingDate": "2008-05-07", "weightedAverageShsOutDil": 606000000, "costAndExpenses": 1719000000, "ebitda": 53000000, "ebitdaratio": 0.03521594684385382, "incomeBeforeTaxRatio": -0.2292358803986711, "incomeTaxExpense": 0.0, "totalOtherIncomeExpensesNet": -1000000.0, "grossProfit": 628000000, "otherExpenses": -1000000.0, "incomeBeforeTax": -345000000, "operatingExpenses": 842000000, "generalAndAdministrativeExpenses": 341000000, "netIncome": -358000000, "symbol": "AMD", "weightedAverageShsOut": 606000000, "period": "Q1", "link": "https://www.sec.gov/Archives/edgar/data/2488/000119312508105559/0001193125-08-105559-index.htm", "date": "2008-03-29", "netIncomeRatio": -0.2378737541528239, "grossProfitRatio": 0.41727574750830565, "interestExpense": -95000000, "eps": -0.59, "epsdiluted": -0.59, "depreciationAndAmortization": 317000000, "costOfRevenue": 877000000, "operatingIncomeRatio": -0.17541528239202658, "operatingIncome": -264000000}, {"finalLink": "https://www.sec.gov/Archives/edgar/data/2488/000119312508038588/d10k.htm", "sellingAndMarketingExpenses": 0.0, "revenue": 1770000000, "researchAndDevelopmentExpenses": 473000000, "acceptedDate": "2008-02-26 15:11:24", "fillingDate": "2008-02-26", "weightedAverageShsOutDil": 558000000, "costAndExpenses": 1779000000, "ebitda": -373000000, "ebitdaratio": -0.21073446327683615, "incomeBeforeTaxRatio": -0.9903954802259887, "incomeTaxExpense": -59000000, "totalOtherIncomeExpensesNet": 1000000.0, "grossProfit": 785000000, "otherExpenses": 1000000.0, "incomeBeforeTax": -1753000000, "operatingExpenses": 794000000, "generalAndAdministrativeExpenses": 321000000, "netIncome": -1772000000, "symbol": "AMD", "weightedAverageShsOut": 558000000, "period": "FY", "link": "https://www.sec.gov/Archives/edgar/data/2488/000119312508038588/0001193125-08-038588-index.htm", "date": "2007-12-29", "netIncomeRatio": -1.001129943502825, "grossProfitRatio": 0.4435028248587571, "interestExpense": -95000000, "eps": -6.06, "epsdiluted": -6.06, "depreciationAndAmortization": 1305000000, "costOfRevenue": 985000000, "operatingIncomeRatio": -0.9480225988700565, "operatingIncome": -1678000000}, {"finalLink": "https://www.sec.gov/Archives/edgar/data/2488/000119312507238299/d10q.htm", "sellingAndMarketingExpenses": 0.0, "revenue": 1632000000, "researchAndDevelopmentExpenses": 467000000, "acceptedDate": "2007-11-07 14:56:03", "fillingDate": "2007-11-07", "weightedAverageShsOutDil": 551000000, "costAndExpenses": 1782000000, "ebitda": -866000000, "ebitdaratio": -0.5306372549019608, "incomeBeforeTaxRatio": -0.18566176470588236, "incomeTaxExpense": 27000000, "totalOtherIncomeExpensesNet": -1000000.0, "grossProfit": 669000000, "otherExpenses": -1000000.0, "incomeBeforeTax": -303000000, "operatingExpenses": 819000000, "generalAndAdministrativeExpenses": 352000000, "netIncome": -396000000, "symbol": "AMD", "weightedAverageShsOut": 551000000, "period": "Q3", "link": "https://www.sec.gov/Archives/edgar/data/2488/000119312507238299/0001193125-07-238299-index.htm", "date": "2007-09-29", "netIncomeRatio": -0.2426470588235294, "grossProfitRatio": 0.4099264705882353, "interestExpense": -95000000, "eps": -2.92, "epsdiluted": -2.92, "depreciationAndAmortization": -640000000, "costOfRevenue": 963000000, "operatingIncomeRatio": -0.13848039215686275, "operatingIncome": -226000000}, {"finalLink": "https://www.sec.gov/Archives/edgar/data/2488/000119312507172819/d10q.htm", "sellingAndMarketingExpenses": 0.0, "revenue": 1378000000, "researchAndDevelopmentExpenses": 475000000, "acceptedDate": "2007-08-07 06:22:04", "fillingDate": "2007-08-07", "weightedAverageShsOutDil": 550000000, "costAndExpenses": 1757000000, "ebitda": -131000000, "ebitdaratio": -0.09506531204644413, "incomeBeforeTaxRatio": -0.39622641509433965, "incomeTaxExpense": 32000000, "totalOtherIncomeExpensesNet": -9000000.0, "grossProfit": 461000000, "otherExpenses": -9000000.0, "incomeBeforeTax": -546000000, "operatingExpenses": 840000000, "generalAndAdministrativeExpenses": 365000000, "netIncome": -600000000, "symbol": "AMD", "weightedAverageShsOut": 550000000, "period": "Q2", "link": "https://www.sec.gov/Archives/edgar/data/2488/000119312507172819/0001193125-07-172819-index.htm", "date": "2007-06-30", "netIncomeRatio": -0.43541364296081275, "grossProfitRatio": 0.33454281567489114, "interestExpense": -99000000, "eps": -2.2, "epsdiluted": -2.2, "depreciationAndAmortization": 326000000, "costOfRevenue": 917000000, "operatingIncomeRatio": -0.3316400580551524, "operatingIncome": -457000000}, {"finalLink": "https://www.sec.gov/Archives/edgar/data/2488/000119312507108224/d10q.htm", "sellingAndMarketingExpenses": 0.0, "revenue": 1233000000, "researchAndDevelopmentExpenses": 432000000, "acceptedDate": "2007-05-09 16:22:07", "fillingDate": "2007-05-09", "weightedAverageShsOutDil": 549000000, "costAndExpenses": 1653000000, "ebitda": -190000000, "ebitdaratio": -0.154095701540957, "incomeBeforeTaxRatio": -0.45742092457420924, "incomeTaxExpense": 23000000, "totalOtherIncomeExpensesNet": 2000000.0, "grossProfit": 347000000, "otherExpenses": 2000000.0, "incomeBeforeTax": -564000000, "operatingExpenses": 767000000, "generalAndAdministrativeExpenses": 335000000, "netIncome": -611000000, "symbol": "AMD", "weightedAverageShsOut": 549000000, "period": "Q1", "link": "https://www.sec.gov/Archives/edgar/data/2488/000119312507108224/0001193125-07-108224-index.htm", "date": "2007-03-31", "netIncomeRatio": -0.4955393349553934, "grossProfitRatio": 0.28142741281427414, "interestExpense": -78000000, "eps": -1.11, "epsdiluted": -1.11, "depreciationAndAmortization": 314000000, "costOfRevenue": 886000000, "operatingIncomeRatio": -0.40875912408759124, "operatingIncome": -504000000}, {"finalLink": "https://www.sec.gov/Archives/edgar/data/2488/000119312507044191/d10k.htm", "sellingAndMarketingExpenses": 0.0, "revenue": 5649000000, "researchAndDevelopmentExpenses": 1205000000, "acceptedDate": "2007-03-01 14:49:10", "fillingDate": "2007-03-01", "weightedAverageShsOutDil": 492000000, "costAndExpenses": 5201000000, "ebitda": -518328000000, "ebitdaratio": 0.2579019547355405, "incomeBeforeTaxRatio": 0.12969984740981652, "incomeTaxExpense": 23000000, "totalOtherIncomeExpensesNet": 13850000000, "grossProfit": 2793000000, "otherExpenses": 13850000000, "incomeBeforeTax": -70000000, "operatingExpenses": 2345000000, "generalAndAdministrativeExpenses": 1140000000, "netIncome": -166000000, "symbol": "AMD", "weightedAverageShsOut": 492000000, "period": "FY", "link": "https://www.sec.gov/Archives/edgar/data/2488/000119312507044191/0001193125-07-044191-index.htm", "date": "2006-12-31", "netIncomeRatio": 0.10541072492480295, "grossProfitRatio": 0.4944237918215613, "interestExpense": 58743000000, "eps": -0.34, "epsdiluted": -0.34, "depreciationAndAmortization": -518281000000, "costOfRevenue": 2856000000, "operatingIncomeRatio": 0.12399644696883967, "operatingIncome": -47000000}, {"finalLink": "https://www.sec.gov/Archives/edgar/data/2488/000119312506230604/d10q.htm", "sellingAndMarketingExpenses": 0.0, "revenue": 1327622000, "researchAndDevelopmentExpenses": 277380000, "acceptedDate": "2006-11-09 17:15:28", "fillingDate": "2006-11-09", "weightedAverageShsOutDil": 497332000, "costAndExpenses": 1208450000, "ebitda": 299531000, "ebitdaratio": 0.2256146704408333, "incomeBeforeTaxRatio": 0.09848285129351578, "incomeTaxExpense": -20852000, "totalOtherIncomeExpensesNet": -1975000.0, "grossProfit": 682358000, "otherExpenses": -1975000.0, "incomeBeforeTax": 130748000, "operatingExpenses": 563186000, "generalAndAdministrativeExpenses": 285806000, "netIncome": 134455000, "symbol": "AMD", "weightedAverageShsOut": 478318000, "period": "Q3", "link": "https://www.sec.gov/Archives/edgar/data/2488/000119312506230604/0001193125-06-230604-index.htm", "date": "2006-10-01", "netIncomeRatio": 0.1012750617269072, "grossProfitRatio": 0.5139700908843029, "interestExpense": -17637000, "eps": 0.85, "epsdiluted": 0.82, "depreciationAndAmortization": 180359000, "costOfRevenue": 645264000, "operatingIncomeRatio": 0.08976350196064843, "operatingIncome": 119172000}, {"finalLink": "https://www.sec.gov/Archives/edgar/data/2488/000119312506169620/d10q.htm", "sellingAndMarketingExpenses": 0.0, "revenue": 1216367000, "researchAndDevelopmentExpenses": 278674000, "acceptedDate": "2006-08-10 17:57:16", "fillingDate": "2006-08-11", "weightedAverageShsOutDil": 497542000, "costAndExpenses": 1114258000, "ebitda": 280871000, "ebitdaratio": 0.23090975010009315, "incomeBeforeTaxRatio": 0.1042432094918721, "incomeTaxExpense": 18301000, "totalOtherIncomeExpensesNet": 7240000.0, "grossProfit": 690308000, "otherExpenses": 7240000.0, "incomeBeforeTax": 126798000, "operatingExpenses": 588199000, "generalAndAdministrativeExpenses": 309525000, "netIncome": 88847000, "symbol": "AMD", "weightedAverageShsOut": 474311000, "period": "Q2", "link": "https://www.sec.gov/Archives/edgar/data/2488/000119312506169620/0001193125-06-169620-index.htm", "date": "2006-07-02", "netIncomeRatio": 0.07304292207861608, "grossProfitRatio": 0.5675162183781705, "interestExpense": -17859000, "eps": 0.58, "epsdiluted": 0.55, "depreciationAndAmortization": 178762000, "costOfRevenue": 526059000, "operatingIncomeRatio": 0.08394588146505126, "operatingIncome": 102109000}, {"finalLink": "https://www.sec.gov/Archives/edgar/data/2488/000119312506100731/d10q.htm", "sellingAndMarketingExpenses": 0.0, "revenue": 1332158000, "researchAndDevelopmentExpenses": 264176000, "acceptedDate": "2006-05-04 20:17:54", "fillingDate": "2006-05-05", "weightedAverageShsOutDil": 495326000, "costAndExpenses": 1073558000, "ebitda": 418597000, "ebitdaratio": 0.3142247391075233, "incomeBeforeTaxRatio": 0.18345196290530102, "incomeTaxExpense": 35273000, "totalOtherIncomeExpensesNet": -19128000, "grossProfit": 778818000, "otherExpenses": -19128000, "incomeBeforeTax": 244387000, "operatingExpenses": 520218000, "generalAndAdministrativeExpenses": 256042000, "netIncome": 184524000, "symbol": "AMD", "weightedAverageShsOut": 464080000, "period": "Q1", "link": "https://www.sec.gov/Archives/edgar/data/2488/000119312506100731/0001193125-06-100731-index.htm", "date": "2006-03-26", "netIncomeRatio": 0.1385151010615858, "grossProfitRatio": 0.5846288503315673, "interestExpense": -23247000, "eps": 0.4, "epsdiluted": 0.38, "depreciationAndAmortization": 159997000, "costOfRevenue": 553340000, "operatingIncomeRatio": 0.19412111776531013, "operatingIncome": 258600000}, {"finalLink": "https://www.sec.gov/Archives/edgar/data/2488/000119312506040130/d10k.htm", "sellingAndMarketingExpenses": 0.0, "revenue": 1838276000, "researchAndDevelopmentExpenses": 329301000, "acceptedDate": "2006-02-27 17:17:21", "fillingDate": "2006-02-27", "weightedAverageShsOutDil": 440776000, "costAndExpenses": 1632561000, "ebitda": 468704000, "ebitdaratio": 0.2549693299591574, "incomeBeforeTaxRatio": 0.09884968307261804, "incomeTaxExpense": -1284000.0, "totalOtherIncomeExpensesNet": 445000.0, "grossProfit": 852127000, "otherExpenses": 13571000, "incomeBeforeTax": 181713000, "operatingExpenses": 646412000, "generalAndAdministrativeExpenses": 317111000, "netIncome": 95587000, "symbol": "AMD", "weightedAverageShsOut": 400004000, "period": "FY", "link": "https://www.sec.gov/Archives/edgar/data/2488/000119312506040130/0001193125-06-040130-index.htm", "date": "2005-12-25", "netIncomeRatio": 0.05199817655237842, "grossProfitRatio": 0.46354682321914664, "interestExpense": 80513000, "eps": 0.41, "epsdiluted": 0.4, "depreciationAndAmortization": 262989000, "costOfRevenue": 986149000, "operatingIncomeRatio": 0.11190648194286386, "operatingIncome": 205715000}, {"finalLink": "https://www.sec.gov/Archives/edgar/data/2488/000119312505215504/d10q.htm", "sellingAndMarketingExpenses": 0.0, "revenue": 1522755000, "researchAndDevelopmentExpenses": 289018000, "acceptedDate": "2005-11-03 14:28:40", "fillingDate": "2005-11-03", "weightedAverageShsOutDil": 409586000, "costAndExpenses": 1444027000, "ebitda": 355276000, "ebitdaratio": 0.23331133373392304, "incomeBeforeTaxRatio": 0.03557171048527176, "incomeTaxExpense": -606000.0, "totalOtherIncomeExpensesNet": 6054000.0, "grossProfit": 626495000, "otherExpenses": 0.0, "incomeBeforeTax": 54167000, "operatingExpenses": 547767000, "generalAndAdministrativeExpenses": 258749000, "netIncome": 76000000, "symbol": "AMD", "weightedAverageShsOut": 395839000, "period": "Q3", "link": "https://www.sec.gov/Archives/edgar/data/2488/000119312505215504/0001193125-05-215504-index.htm", "date": "2005-09-25", "netIncomeRatio": 0.049909538960633854, "grossProfitRatio": 0.4114220606729251, "interestExpense": -30615000, "eps": 0.18, "epsdiluted": 0.17, "depreciationAndAmortization": 276548000, "costOfRevenue": 896260000, "operatingIncomeRatio": 0.0517010287275366, "operatingIncome": 78728000}, {"finalLink": "https://www.sec.gov/Archives/edgar/data/2488/000119312505157905/d10q.htm", "sellingAndMarketingExpenses": 0.0, "revenue": 1259918000, "researchAndDevelopmentExpenses": 272584000, "acceptedDate": "2005-08-04 17:16:28", "fillingDate": "2005-08-04", "weightedAverageShsOutDil": 394245000, "costAndExpenses": 1267049000, "ebitda": 298473000, "ebitdaratio": 0.23689875055360746, "incomeBeforeTaxRatio": -0.023561850850610914, "incomeTaxExpense": -3100000.0, "totalOtherIncomeExpensesNet": 3098000.0, "grossProfit": 493964000, "otherExpenses": 0.0, "incomeBeforeTax": -29686000, "operatingExpenses": 501095000, "generalAndAdministrativeExpenses": 228511000, "netIncome": 11319000, "symbol": "AMD", "weightedAverageShsOut": 394245000, "period": "Q2", "link": "https://www.sec.gov/Archives/edgar/data/2488/000119312505157905/0001193125-05-157905-index.htm", "date": "2005-06-26", "netIncomeRatio": 0.008983918001012765, "grossProfitRatio": 0.3920604356791474, "interestExpense": -25653000, "eps": -0.02, "epsdiluted": -0.02, "depreciationAndAmortization": 305604000, "costOfRevenue": 765954000, "operatingIncomeRatio": -0.005659892151711461, "operatingIncome": -7131000.0}, {"finalLink": "https://www.sec.gov/Archives/edgar/data/2488/000119312505099350/d10q.htm", "sellingAndMarketingExpenses": 0.0, "revenue": 1226628000, "researchAndDevelopmentExpenses": 253122000, "acceptedDate": "2005-05-06 16:46:46", "fillingDate": "2005-05-06", "weightedAverageShsOutDil": 393077000, "costAndExpenses": 1272285000, "ebitda": 273139000, "ebitdaratio": 0.22267468213671954, "incomeBeforeTaxRatio": -0.053747346383744704, "incomeTaxExpense": -1652000.0, "totalOtherIncomeExpensesNet": 3974000.0, "grossProfit": 419179000, "otherExpenses": 0.0, "incomeBeforeTax": -65928000, "operatingExpenses": 464836000, "generalAndAdministrativeExpenses": 211714000, "netIncome": -17423000, "symbol": "AMD", "weightedAverageShsOut": 393077000, "period": "Q1", "link": "https://www.sec.gov/Archives/edgar/data/2488/000119312505099350/0001193125-05-099350-index.htm", "date": "2005-03-27", "netIncomeRatio": -0.014203980342858634, "grossProfitRatio": 0.3417327828811995, "interestExpense": -24245000, "eps": -0.04, "epsdiluted": -0.04, "depreciationAndAmortization": 318796000, "costOfRevenue": 807449000, "operatingIncomeRatio": -0.03722155372288909, "operatingIncome": -45657000}, {"finalLink": "https://www.sec.gov/Archives/edgar/data/2488/000119312505039876/d10k.htm", "sellingAndMarketingExpenses": 0.0, "revenue": 1263706000, "researchAndDevelopmentExpenses": 252767000, "acceptedDate": "2005-03-01 16:42:59", "fillingDate": "2005-03-01", "weightedAverageShsOutDil": 371066000, "costAndExpenses": 1241039000, "ebitda": 404538000, "ebitdaratio": 0.3201203444472053, "incomeBeforeTaxRatio": -0.040970763769421055, "incomeTaxExpense": -4981000.0, "totalOtherIncomeExpensesNet": -42430000, "grossProfit": 521056000, "otherExpenses": 0.0, "incomeBeforeTax": -51775000, "operatingExpenses": 498389000, "generalAndAdministrativeExpenses": 245622000, "netIncome": -29963000, "symbol": "AMD", "weightedAverageShsOut": 358886000, "period": "FY", "link": "https://www.sec.gov/Archives/edgar/data/2488/000119312505039876/0001193125-05-039876-index.htm", "date": "2004-12-26", "netIncomeRatio": -0.02371041998692734, "grossProfitRatio": 0.4123237525183864, "interestExpense": 83258000, "eps": 0.25, "epsdiluted": 0.25, "depreciationAndAmortization": 312835000, "costOfRevenue": 742650000, "operatingIncomeRatio": 0.07256672042389606, "operatingIncome": 91703000}, {"finalLink": "https://www.sec.gov/Archives/edgar/data/2488/000119312504186500/d10q.htm", "sellingAndMarketingExpenses": 0.0, "revenue": 1239459000, "researchAndDevelopmentExpenses": 230896000, "acceptedDate": "2004-11-04 17:26:44", "fillingDate": "2004-11-04", "weightedAverageShsOutDil": 418531000, "costAndExpenses": 1171101000, "ebitda": 289020000, "ebitdaratio": 0.23318238037724523, "incomeBeforeTaxRatio": 0.03688060678086165, "incomeTaxExpense": 4872000.0, "totalOtherIncomeExpensesNet": 2502000.0, "grossProfit": 501433000, "otherExpenses": 0.0, "incomeBeforeTax": 45712000, "operatingExpenses": 433075000, "generalAndAdministrativeExpenses": 202179000, "netIncome": 43848000, "symbol": "AMD", "weightedAverageShsOut": 353412000, "period": "Q3", "link": "https://www.sec.gov/Archives/edgar/data/2488/000119312504186500/0001193125-04-186500-index.htm", "date": "2004-09-26", "netIncomeRatio": 0.03537672484527524, "grossProfitRatio": 0.40455795633417485, "interestExpense": -25148000, "eps": 0.34, "epsdiluted": 0.32, "depreciationAndAmortization": 292640000, "costOfRevenue": 738026000, "operatingIncomeRatio": -0.0029206290809135277, "operatingIncome": -3620000.0}, {"finalLink": "https://www.sec.gov/Archives/edgar/data/2488/000119312504132797/d10q.htm", "sellingAndMarketingExpenses": 0.0, "revenue": 1261837000, "researchAndDevelopmentExpenses": 224821000, "acceptedDate": "2004-08-05 17:31:09", "fillingDate": "2004-08-05", "weightedAverageShsOutDil": 419008000, "costAndExpenses": 1186883000, "ebitda": 353540000, "ebitdaratio": 0.2801788186588284, "incomeBeforeTaxRatio": 0.03350749740259637, "incomeTaxExpense": 3574000.0, "totalOtherIncomeExpensesNet": -2203000.0, "grossProfit": 478768000, "otherExpenses": 0.0, "incomeBeforeTax": 42281000, "operatingExpenses": 403814000, "generalAndAdministrativeExpenses": 178993000, "netIncome": 32180000, "symbol": "AMD", "weightedAverageShsOut": 352491000, "period": "Q2", "link": "https://www.sec.gov/Archives/edgar/data/2488/000119312504132797/0001193125-04-132797-index.htm", "date": "2004-06-27", "netIncomeRatio": 0.025502501511684948, "grossProfitRatio": 0.37942143081871904, "interestExpense": -27956000, "eps": 0.22, "epsdiluted": 0.21, "depreciationAndAmortization": 281100000, "costOfRevenue": 783069000, "operatingIncomeRatio": 0.05740836573979048, "operatingIncome": 72440000}, {"finalLink": "https://www.sec.gov/Archives/edgar/data/2488/000119312504080712/d10q.htm", "sellingAndMarketingExpenses": 0.0, "revenue": 1236433000, "researchAndDevelopmentExpenses": 226090000, "acceptedDate": "2004-05-06 17:09:54", "fillingDate": "2004-05-06", "weightedAverageShsOutDil": 417963000, "costAndExpenses": 1175147000, "ebitda": 348309000, "ebitdaratio": 0.28170471024309446, "incomeBeforeTaxRatio": 0.03406007442376578, "incomeTaxExpense": 2373000.0, "totalOtherIncomeExpensesNet": 10981000, "grossProfit": 467593000, "otherExpenses": 0.0, "incomeBeforeTax": 42113000, "operatingExpenses": 406307000, "generalAndAdministrativeExpenses": 180217000, "netIncome": 45091000, "symbol": "AMD", "weightedAverageShsOut": 351328000, "period": "Q1", "link": "https://www.sec.gov/Archives/edgar/data/2488/000119312504080712/0001193125-04-080712-index.htm", "date": "2004-03-28", "netIncomeRatio": 0.036468615768100655, "grossProfitRatio": 0.37817900363384027, "interestExpense": -30154000, "eps": 0.13, "epsdiluted": 0.12, "depreciationAndAmortization": 287023000, "costOfRevenue": 768840000, "operatingIncomeRatio": 0.049566777981500006, "operatingIncome": 61286000}, {"finalLink": "https://www.sec.gov/Archives/edgar/data/2488/000119312504037179/d10k.htm", "sellingAndMarketingExpenses": 0.0, "revenue": 1205593000, "researchAndDevelopmentExpenses": 226503000, "acceptedDate": "2004-03-09 15:11:42", "fillingDate": "2004-03-09", "weightedAverageShsOutDil": 346934000, "costAndExpenses": 1167817000, "ebitda": 557635000, "ebitdaratio": 0.19526241443007714, "incomeBeforeTaxRatio": 0.019728880310353494, "incomeTaxExpense": -2936000.0, "totalOtherIncomeExpensesNet": 8913000.0, "grossProfit": 427086000, "otherExpenses": 0.0, "incomeBeforeTax": 346013000, "operatingExpenses": 389310000, "generalAndAdministrativeExpenses": 162807000, "netIncome": 317683000, "symbol": "AMD", "weightedAverageShsOut": 346934000, "period": "FY", "link": "https://www.sec.gov/Archives/edgar/data/2488/000119312504037179/0001193125-04-037179-index.htm", "date": "2003-12-28", "netIncomeRatio": 0.035827182141900296, "grossProfitRatio": 0.3542538816997113, "interestExpense": 79017000, "eps": -0.79, "epsdiluted": -0.79, "depreciationAndAmortization": 278436000, "costOfRevenue": 778507000, "operatingIncomeRatio": -0.035691149500702145, "operatingIncome": 279199000}, {"finalLink": "https://www.sec.gov/Archives/edgar/data/2488/000119312503078414/d10q.htm", "sellingAndMarketingExpenses": 0.0, "revenue": 953759000, "researchAndDevelopmentExpenses": 213997000, "acceptedDate": "2003-11-12 15:50:05", "fillingDate": "2003-11-12", "weightedAverageShsOutDil": 346222000, "costAndExpenses": 991987000, "ebitda": 286833000, "ebitdaratio": 0.3007394949877275, "incomeBeforeTaxRatio": -0.05932735628182801, "incomeTaxExpense": 0.0, "totalOtherIncomeExpensesNet": 492000.0, "grossProfit": 326880000, "otherExpenses": 0.0, "incomeBeforeTax": -56584000, "operatingExpenses": 365108000, "generalAndAdministrativeExpenses": 151111000, "netIncome": -31231000, "symbol": "AMD", "weightedAverageShsOut": 346222000, "period": "Q3", "link": "https://www.sec.gov/Archives/edgar/data/2488/000119312503078414/0001193125-03-078414-index.htm", "date": "2003-09-28", "netIncomeRatio": -0.0327451693771697, "grossProfitRatio": 0.3427280895907666, "interestExpense": -26848000, "eps": 0.346222, "epsdiluted": 0.346222, "depreciationAndAmortization": 276603000, "costOfRevenue": 626879000, "operatingIncomeRatio": 0.010725980043176526, "operatingIncome": 10230000}, {"finalLink": "https://www.sec.gov/Archives/edgar/data/2488/000119312503033907/d10q.htm", "sellingAndMarketingExpenses": 0.0, "revenue": 645261000, "researchAndDevelopmentExpenses": 208513000, "acceptedDate": "2003-08-12 11:21:12", "fillingDate": "2003-08-12", "weightedAverageShsOutDil": 345666000, "costAndExpenses": 768759000, "ebitda": 57343000, "ebitdaratio": 0.08886791546366508, "incomeBeforeTaxRatio": -0.22454634636216972, "incomeTaxExpense": 0.0, "totalOtherIncomeExpensesNet": 4971000.0, "grossProfit": 220176000, "otherExpenses": 0.0, "incomeBeforeTax": -144891000, "operatingExpenses": 343674000, "generalAndAdministrativeExpenses": 135161000, "netIncome": -140096000, "symbol": "AMD", "weightedAverageShsOut": 345666000, "period": "Q2", "link": "https://www.sec.gov/Archives/edgar/data/2488/000119312503033907/0001193125-03-033907-index.htm", "date": "2003-06-29", "netIncomeRatio": -0.21711524483891015, "grossProfitRatio": 0.34122006443904096, "interestExpense": -77974000, "eps": 0.345666, "epsdiluted": 0.345666, "depreciationAndAmortization": 202234000, "costOfRevenue": 425085000, "operatingIncomeRatio": -0.22454634636216972, "operatingIncome": -144891000}, {"finalLink": "https://www.sec.gov/Archives/edgar/data/2488/000101287003002509/d10q.htm", "sellingAndMarketingExpenses": 0.0, "revenue": 714555000, "researchAndDevelopmentExpenses": 203062000, "acceptedDate": "2003-05-13 12:50:30", "fillingDate": "2003-05-13", "weightedAverageShsOutDil": 345012000, "costAndExpenses": 837882000, "ebitda": 53749000, "ebitdaratio": 0.07522024196877777, "incomeBeforeTaxRatio": -0.20227694159301943, "incomeTaxExpense": 2936000.0, "totalOtherIncomeExpensesNet": 6740000.0, "grossProfit": 217963000, "otherExpenses": 0.0, "incomeBeforeTax": -144538000, "operatingExpenses": 341290000, "generalAndAdministrativeExpenses": 138228000, "netIncome": -146356000, "symbol": "AMD", "weightedAverageShsOut": 345012000, "period": "Q1", "link": "https://www.sec.gov/Archives/edgar/data/2488/000101287003002509/0001012870-03-002509-index.htm", "date": "2003-03-30", "netIncomeRatio": -0.20482118241422984, "grossProfitRatio": 0.305033202482664, "interestExpense": 25805000, "eps": 0.345012, "epsdiluted": 0.345012, "depreciationAndAmortization": 198287000, "costOfRevenue": 496592000, "operatingIncomeRatio": -0.20227694159301943, "operatingIncome": -144538000}, {"finalLink": "https://www.sec.gov/Archives/edgar/data/2488/000101287003001181/d10k.htm", "sellingAndMarketingExpenses": 0.0, "revenue": 2697029000, "researchAndDevelopmentExpenses": 244848000, "acceptedDate": "2003-03-14 17:05:36", "fillingDate": "2003-03-14", "weightedAverageShsOutDil": 342334000, "costAndExpenses": 945850000, "ebitda": 850925000, "ebitdaratio": -0.13884203692285102, "incomeBeforeTaxRatio": -0.2266564430712462, "incomeTaxExpense": 44586000, "totalOtherIncomeExpensesNet": 992000.0, "grossProfit": 2190416000, "otherExpenses": -31140000, "incomeBeforeTax": 653304000, "operatingExpenses": 439237000, "generalAndAdministrativeExpenses": 194389000, "netIncome": 448272000, "symbol": "AMD", "weightedAverageShsOut": 342334000, "period": "FY", "link": "https://www.sec.gov/Archives/edgar/data/2488/000101287003001181/0001012870-03-001181-index.htm", "date": "2002-12-29", "netIncomeRatio": -0.31691909875644647, "grossProfitRatio": 0.812158860731568, "interestExpense": -31140000, "eps": -3.81, "epsdiluted": -3.81, "depreciationAndAmortization": 197621000, "costOfRevenue": 506613000, "operatingIncomeRatio": -0.2121156279743377, "operatingIncome": 653304000}, {"finalLink": "https://www.sec.gov/Archives/edgar/data/2488/000101287002004351/d10q.htm", "sellingAndMarketingExpenses": 0.0, "revenue": -1502372000, "researchAndDevelopmentExpenses": 220959000, "acceptedDate": "2002-11-13 08:47:26", "fillingDate": "2002-11-13", "weightedAverageShsOutDil": 341796000, "costAndExpenses": 833411000, "ebitda": -442455000, "ebitdaratio": 0.08802613467237143, "incomeBeforeTaxRatio": 0.22192173443062038, "incomeTaxExpense": 125534000, "totalOtherIncomeExpensesNet": 12941000, "grossProfit": 1048488000, "otherExpenses": 31140000, "incomeBeforeTax": -653304000, "operatingExpenses": 379527000, "generalAndAdministrativeExpenses": 158568000, "netIncome": -448272000, "symbol": "AMD", "weightedAverageShsOut": 341796000, "period": "Q3", "link": "https://www.sec.gov/Archives/edgar/data/2488/000101287002004351/0001012870-02-004351-index.htm", "date": "2002-09-29", "netIncomeRatio": 0.16917980367046245, "grossProfitRatio": -0.6978884058009601, "interestExpense": 59027000, "eps": -1.31, "epsdiluted": -1.31, "depreciationAndAmortization": 210849000, "costOfRevenue": 453884000, "operatingIncomeRatio": 0.2283702039175384, "operatingIncome": -653304000}, {"finalLink": "https://www.sec.gov/Archives/edgar/data/2488/000101287002003406/d10q.htm", "sellingAndMarketingExpenses": 0.0, "revenue": 600299000, "researchAndDevelopmentExpenses": 178425000, "acceptedDate": "2002-08-13 08:49:37", "fillingDate": "2002-08-13", "weightedAverageShsOutDil": 341294000, "costAndExpenses": 896963000, "ebitda": -131269000, "ebitdaratio": -0.21867269477377108, "incomeBeforeTaxRatio": -0.5059678593500906, "incomeTaxExpense": -121493000, "totalOtherIncomeExpensesNet": 8661000.0, "grossProfit": 42009000, "otherExpenses": 0.0, "incomeBeforeTax": -303732000, "operatingExpenses": 338673000, "generalAndAdministrativeExpenses": 160248000, "netIncome": -184938000, "symbol": "AMD", "weightedAverageShsOut": 341294000, "period": "Q2", "link": "https://www.sec.gov/Archives/edgar/data/2488/000101287002003406/0001012870-02-003406-index.htm", "date": "2002-06-30", "netIncomeRatio": -0.30807647522318043, "grossProfitRatio": 0.06998012657025915, "interestExpense": -15729000, "eps": -0.57, "epsdiluted": -0.57, "depreciationAndAmortization": 165395000, "costOfRevenue": 558290000, "operatingIncomeRatio": -0.4941937267928149, "operatingIncome": -296664000}]