[{"finalLink": "https://www.sec.gov/Archives/edgar/data/354950/000035495020000041/hd-20200503.htm", "sellingAndMarketingExpenses": 0.0, "revenue": 28260000000, "researchAndDevelopmentExpenses": 0.0, "acceptedDate": "2020-05-26 19:59:23", "fillingDate": "2020-05-27", "weightedAverageShsOutDil": 1073000000, "costAndExpenses": 24984000000, "ebitda": 3883000000, "ebitdaratio": 0.13740268931351735, "incomeBeforeTaxRatio": 0.10506015569709837, "incomeTaxExpense": 724000000, "totalOtherIncomeExpensesNet": 0.0, "grossProfit": 9625000000, "otherExpenses": 520000000, "incomeBeforeTax": 2969000000, "operatingExpenses": 6349000000, "generalAndAdministrativeExpenses": 5829000000, "netIncome": 2245000000, "symbol": "HD", "weightedAverageShsOut": 1073000000, "period": "Q1", "link": "https://www.sec.gov/Archives/edgar/data/354950/000035495020000041/0000354950-20-000041-index.htm", "date": "2020-05-03", "netIncomeRatio": 0.0794409058740269, "grossProfitRatio": 0.34058740268931353, "interestExpense": -324000000, "eps": 2.09, "epsdiluted": 2.09, "depreciationAndAmortization": 607000000, "costOfRevenue": 18635000000, "operatingIncomeRatio": 0.1159235668789809, "operatingIncome": 3276000000}, {"finalLink": "https://www.sec.gov/Archives/edgar/data/354950/000035495020000015/hd10k02022020.htm", "sellingAndMarketingExpenses": 0.0, "revenue": 25782000000, "researchAndDevelopmentExpenses": 0.0, "acceptedDate": "2020-03-25 16:41:53", "fillingDate": "2020-03-25", "weightedAverageShsOutDil": 1097000000, "costAndExpenses": 22379000000, "ebitda": 3998000000, "ebitdaratio": 0.155069428283, "incomeBeforeTaxRatio": 0.120665580638, "incomeTaxExpense": 630000000, "totalOtherIncomeExpensesNet": -292000000, "grossProfit": 8736000000, "otherExpenses": 519000000, "incomeBeforeTax": 3111000000, "operatingExpenses": 5333000000, "generalAndAdministrativeExpenses": 4814000000, "netIncome": 2481000000, "symbol": "HD", "weightedAverageShsOut": 1093000000, "period": "FY", "link": "https://www.sec.gov/Archives/edgar/data/354950/000035495020000015/0000354950-20-000015-index.htm", "date": "2020-02-02", "netIncomeRatio": 0.0962299278566, "grossProfitRatio": 0.3388410518966721, "interestExpense": 309000000, "eps": 2.3, "epsdiluted": 2.29, "depreciationAndAmortization": 595000000, "costOfRevenue": 17046000000, "operatingIncomeRatio": 0.131991311768, "operatingIncome": 3403000000}, {"finalLink": "https://www.sec.gov/Archives/edgar/data/354950/000035495019000066/hd10q11032019.htm", "sellingAndMarketingExpenses": 0.0, "revenue": 27223000000, "researchAndDevelopmentExpenses": 0.0, "acceptedDate": "2019-11-25 17:56:16", "fillingDate": "2019-11-26", "weightedAverageShsOutDil": 1100000000, "costAndExpenses": 23276000000, "ebitda": 4541000000, "ebitdaratio": 0.16680747897, "incomeBeforeTaxRatio": 0.134702273813, "incomeTaxExpense": 898000000, "totalOtherIncomeExpensesNet": -280000000, "grossProfit": -17835999996, "otherExpenses": 498000000, "incomeBeforeTax": 3667000000, "operatingExpenses": 5440000000, "generalAndAdministrativeExpenses": 4942000000, "netIncome": 2769000000, "symbol": "HD", "weightedAverageShsOut": 1096000000, "period": "Q3", "link": "https://www.sec.gov/Archives/edgar/data/354950/000035495019000066/0000354950-19-000066-index.htm", "date": "2019-11-03", "netIncomeRatio": 0.101715461191, "grossProfitRatio": -4458999999, "interestExpense": 302000000, "eps": 2.53, "epsdiluted": 2.53, "depreciationAndAmortization": 594000000, "costOfRevenue": 17836000000, "operatingIncomeRatio": 0.144987694229, "operatingIncome": 3947000000}, {"finalLink": "https://www.sec.gov/Archives/edgar/data/354950/000035495019000057/hd10q08042019.htm", "sellingAndMarketingExpenses": 0.0, "revenue": 30839000000, "researchAndDevelopmentExpenses": 0.0, "acceptedDate": "2019-08-26 18:07:04", "fillingDate": "2019-08-27", "weightedAverageShsOutDil": 1103000000, "costAndExpenses": 25943000000, "ebitda": 5456000000, "ebitdaratio": 0.176918836538, "incomeBeforeTaxRatio": 0.149583319822, "incomeTaxExpense": 1134000000, "totalOtherIncomeExpensesNet": -283000000, "grossProfit": 10432000000, "otherExpenses": 492000000, "incomeBeforeTax": 4613000000, "operatingExpenses": 5536000000, "generalAndAdministrativeExpenses": 5044000000, "netIncome": 3479000000, "symbol": "HD", "weightedAverageShsOut": 1098000000, "period": "Q2", "link": "https://www.sec.gov/Archives/edgar/data/354950/000035495019000057/0000354950-19-000057-index.htm", "date": "2019-08-04", "netIncomeRatio": 0.112811699471, "grossProfitRatio": 0.3382729660494828, "interestExpense": 302000000, "eps": 3.18, "epsdiluted": 3.16, "depreciationAndAmortization": 560000000, "costOfRevenue": 20407000000, "operatingIncomeRatio": 0.158760011674, "operatingIncome": 4896000000}, {"finalLink": "https://www.sec.gov/Archives/edgar/data/354950/000035495019000010/hd_10kx02032019.htm", "sellingAndMarketingExpenses": 0.0, "revenue": 26381000000, "researchAndDevelopmentExpenses": 0.0, "acceptedDate": "2019-05-28 18:14:51", "fillingDate": "2019-05-29", "weightedAverageShsOutDil": 1106000000, "costAndExpenses": 22784000000, "ebitda": 4144000000, "ebitdaratio": 0.157082748948, "incomeBeforeTaxRatio": 0.125999772564, "incomeTaxExpense": 811000000, "totalOtherIncomeExpensesNet": -273000000, "grossProfit": 9017000000, "otherExpenses": 480000000, "incomeBeforeTax": 3324000000, "operatingExpenses": 5420000000, "generalAndAdministrativeExpenses": 4940000000, "netIncome": 2513000000, "symbol": "HD", "weightedAverageShsOut": 1101000000, "period": "Q1", "link": "https://www.sec.gov/Archives/edgar/data/354950/000035495019000024/0000354950-19-000024-index.htm", "date": "2019-05-05", "netIncomeRatio": 0.0952579507979, "grossProfitRatio": 0.34179902202342594, "interestExpense": 288000000, "eps": 2.28, "epsdiluted": 2.27, "depreciationAndAmortization": 547000000, "costOfRevenue": 17364000000, "operatingIncomeRatio": 0.136348129336, "operatingIncome": 3597000000}, {"finalLink": "https://www.sec.gov/Archives/edgar/data/354950/000035495019000010/hd_10kx02032019.htm", "sellingAndMarketingExpenses": 0.0, "revenue": 26491000000, "researchAndDevelopmentExpenses": 0.0, "acceptedDate": "2019-03-28 16:42:29", "fillingDate": "2019-03-28", "weightedAverageShsOutDil": 1143000000, "costAndExpenses": 23113000000, "ebitda": 3927000000, "ebitdaratio": 0.148239024574, "incomeBeforeTaxRatio": 0.117511607716, "incomeTaxExpense": 769000000, "totalOtherIncomeExpensesNet": -265000000, "grossProfit": 9027000000, "otherExpenses": 727000000, "incomeBeforeTax": 3113000000, "operatingExpenses": 5649000000, "generalAndAdministrativeExpenses": 4922000000, "netIncome": 2344000000, "symbol": "HD", "weightedAverageShsOut": 1137000000, "period": "FY", "link": "https://www.sec.gov/Archives/edgar/data/354950/000035495019000010/0000354950-19-000010-index.htm", "date": "2019-02-03", "netIncomeRatio": 0.0884828809784, "grossProfitRatio": 0.34075723830734966, "interestExpense": 269000000, "eps": 2.11, "epsdiluted": 2.1, "depreciationAndAmortization": 549000000, "costOfRevenue": 17464000000, "operatingIncomeRatio": 0.127515005096, "operatingIncome": 3378000000}, {"finalLink": "https://www.sec.gov/Archives/edgar/data/354950/000035495018000065/hd_10qx10282018.htm", "sellingAndMarketingExpenses": 0.0, "revenue": 26302000000, "researchAndDevelopmentExpenses": 0.0, "acceptedDate": "2018-11-19 17:59:21", "fillingDate": "2018-11-20", "weightedAverageShsOutDil": 1150000000, "costAndExpenses": 22432000000, "ebitda": 4411000000, "ebitdaratio": 0.16770587788, "incomeBeforeTaxRatio": 0.138620637214, "incomeTaxExpense": 779000000, "totalOtherIncomeExpensesNet": -224000000, "grossProfit": 9151000000, "otherExpenses": 473000000, "incomeBeforeTax": 3646000000, "operatingExpenses": 5281000000, "generalAndAdministrativeExpenses": 4808000000, "netIncome": 2867000000, "symbol": "HD", "weightedAverageShsOut": 1144000000, "period": "Q3", "link": "https://www.sec.gov/Archives/edgar/data/354950/000035495018000065/0000354950-18-000065-index.htm", "date": "2018-10-28", "netIncomeRatio": 0.109003117634, "grossProfitRatio": 0.3479203102425671, "interestExpense": 249000000, "eps": 2.52, "epsdiluted": 2.51, "depreciationAndAmortization": 541000000, "costOfRevenue": 17151000000, "operatingIncomeRatio": 0.14713709984, "operatingIncome": 3870000000}, {"finalLink": "https://www.sec.gov/Archives/edgar/data/354950/000035495018000051/hd_10qx07292018.htm", "sellingAndMarketingExpenses": 0.0, "revenue": 30463000000, "researchAndDevelopmentExpenses": 0.0, "acceptedDate": "2018-08-20 18:39:10", "fillingDate": "2018-08-21", "weightedAverageShsOutDil": 1154000000, "costAndExpenses": 25562000000, "ebitda": 5431000000, "ebitdaratio": 0.178281850113, "incomeBeforeTaxRatio": 0.152808324853, "incomeTaxExpense": 1149000000, "totalOtherIncomeExpensesNet": -246000000, "grossProfit": 10365000000, "otherExpenses": 460000000, "incomeBeforeTax": 4655000000, "operatingExpenses": 5464000000, "generalAndAdministrativeExpenses": 5004000000, "netIncome": 3506000000, "symbol": "HD", "weightedAverageShsOut": 1148000000, "period": "Q2", "link": "https://www.sec.gov/Archives/edgar/data/354950/000035495018000051/0000354950-18-000051-index.htm", "date": "2018-07-29", "netIncomeRatio": 0.11509043758, "grossProfitRatio": 0.34024882644519583, "interestExpense": 272000000, "eps": 3.06, "epsdiluted": 3.04, "depreciationAndAmortization": 530000000, "costOfRevenue": 20098000000, "operatingIncomeRatio": 0.160883694974, "operatingIncome": 4901000000}, {"finalLink": "https://www.sec.gov/Archives/edgar/data/354950/000035495018000019/hd_10k01282018.htm", "sellingAndMarketingExpenses": 0.0, "revenue": 24947000000, "researchAndDevelopmentExpenses": 0.0, "acceptedDate": "2018-05-21 18:12:31", "fillingDate": "2018-05-22", "weightedAverageShsOutDil": 1158000000, "costAndExpenses": 21566000000, "ebitda": 3913000000, "ebitdaratio": 0.156852527358, "incomeBeforeTaxRatio": 0.125947007656, "incomeTaxExpense": 738000000, "totalOtherIncomeExpensesNet": -239000000, "grossProfit": 8617000000, "otherExpenses": 457000000, "incomeBeforeTax": 3142000000, "operatingExpenses": 5236000000, "generalAndAdministrativeExpenses": 4779000000, "netIncome": 2404000000, "symbol": "HD", "weightedAverageShsOut": 1152000000, "period": "Q1", "link": "https://www.sec.gov/Archives/edgar/data/354950/000035495018000034/0000354950-18-000034-index.htm", "date": "2018-04-29", "netIncomeRatio": 0.0963642922997, "grossProfitRatio": 0.34541227402092434, "interestExpense": 261000000, "eps": 2.09, "epsdiluted": 2.08, "depreciationAndAmortization": 532000000, "costOfRevenue": 16330000000, "operatingIncomeRatio": 0.135527317914, "operatingIncome": 3381000000}, {"finalLink": "https://www.sec.gov/Archives/edgar/data/354950/000035495018000019/hd_10k01282018.htm", "sellingAndMarketingExpenses": 0.0, "revenue": 23883000000, "researchAndDevelopmentExpenses": 0.0, "acceptedDate": "2018-03-22 16:56:00", "fillingDate": "2018-03-22", "weightedAverageShsOutDil": 1184000000, "costAndExpenses": 20694000000, "ebitda": 3718000000, "ebitdaratio": 0.155675585144, "incomeBeforeTaxRatio": 0.123225725411, "incomeTaxExpense": 1164000000, "totalOtherIncomeExpensesNet": -246000000, "grossProfit": 8093000000, "otherExpenses": 464000000, "incomeBeforeTax": 2943000000, "operatingExpenses": 4904000000, "generalAndAdministrativeExpenses": 4440000000, "netIncome": 1779000000, "symbol": "HD", "weightedAverageShsOut": 1178000000, "period": "FY", "link": "https://www.sec.gov/Archives/edgar/data/354950/000035495018000019/0000354950-18-000019-index.htm", "date": "2018-01-28", "netIncomeRatio": 0.074488129632, "grossProfitRatio": 0.3388602771846083, "interestExpense": 269000000, "eps": 1.54, "epsdiluted": 1.53, "depreciationAndAmortization": 529000000, "costOfRevenue": 15790000000, "operatingIncomeRatio": 0.133525938952, "operatingIncome": 3189000000}, {"finalLink": "https://www.sec.gov/Archives/edgar/data/354950/000035495017000046/hd_10qx10292017.htm", "sellingAndMarketingExpenses": 0.0, "revenue": 25026000000, "researchAndDevelopmentExpenses": 0.0, "acceptedDate": "2017-11-20 18:13:00", "fillingDate": "2017-11-21", "weightedAverageShsOutDil": 1190000000, "costAndExpenses": 21346000000, "ebitda": 4198000000, "ebitdaratio": 0.167745544634, "incomeBeforeTaxRatio": 0.137177335571, "incomeTaxExpense": 1268000000, "totalOtherIncomeExpensesNet": -247000000, "grossProfit": 8648000000, "otherExpenses": 454000000, "incomeBeforeTax": 3433000000, "operatingExpenses": 4968000000, "generalAndAdministrativeExpenses": 4514000000, "netIncome": 2165000000, "symbol": "HD", "weightedAverageShsOut": 1184000000, "period": "Q3", "link": "https://www.sec.gov/Archives/edgar/data/354950/000035495017000046/0000354950-17-000046-index.htm", "date": "2017-10-29", "netIncomeRatio": 0.0865100295692, "grossProfitRatio": 0.3455606169583633, "interestExpense": 269000000, "eps": 1.86, "epsdiluted": 1.85, "depreciationAndAmortization": 518000000, "costOfRevenue": 16378000000, "operatingIncomeRatio": 0.147047071046, "operatingIncome": 3680000000}, {"finalLink": "https://www.sec.gov/Archives/edgar/data/354950/000035495017000032/hd_10qx07302017.htm", "sellingAndMarketingExpenses": 0.0, "revenue": 28108000000, "researchAndDevelopmentExpenses": 0.0, "acceptedDate": "2017-08-21 19:06:28", "fillingDate": "2017-08-22", "weightedAverageShsOutDil": 1197000000, "costAndExpenses": 23645000000, "ebitda": 4973000000, "ebitdaratio": 0.176924718941, "incomeBeforeTaxRatio": 0.149921730468, "incomeTaxExpense": 1542000000, "totalOtherIncomeExpensesNet": -249000000, "grossProfit": 9461000000, "otherExpenses": 449000000, "incomeBeforeTax": 4214000000, "operatingExpenses": 4998000000, "generalAndAdministrativeExpenses": 4549000000, "netIncome": 2672000000, "symbol": "HD", "weightedAverageShsOut": 1191000000, "period": "Q2", "link": "https://www.sec.gov/Archives/edgar/data/354950/000035495017000032/0000354950-17-000032-index.htm", "date": "2017-07-30", "netIncomeRatio": 0.0950619040842, "grossProfitRatio": 0.3365945638252455, "interestExpense": 265000000, "eps": 2.25, "epsdiluted": 2.24, "depreciationAndAmortization": 510000000, "costOfRevenue": 18647000000, "operatingIncomeRatio": 0.158780418386, "operatingIncome": 4463000000}, {"finalLink": "https://www.sec.gov/Archives/edgar/data/354950/000035495017000005/hd-01292017x10xk.htm", "sellingAndMarketingExpenses": 0.0, "revenue": 23887000000, "researchAndDevelopmentExpenses": 0.0, "acceptedDate": "2017-05-22 18:28:07", "fillingDate": "2017-05-23", "weightedAverageShsOutDil": 1204000000, "costAndExpenses": 20538000000, "ebitda": 3854000000, "ebitdaratio": 0.161342989911, "incomeBeforeTaxRatio": 0.130112613555, "incomeTaxExpense": 1094000000, "totalOtherIncomeExpensesNet": -241000000, "grossProfit": 8154000000, "otherExpenses": 444000000, "incomeBeforeTax": 3108000000, "operatingExpenses": 4805000000, "generalAndAdministrativeExpenses": 4361000000, "netIncome": 2014000000, "symbol": "HD", "weightedAverageShsOut": 1198000000, "period": "Q1", "link": "https://www.sec.gov/Archives/edgar/data/354950/000035495017000014/0000354950-17-000014-index.htm", "date": "2017-04-30", "netIncomeRatio": 0.0843136434044, "grossProfitRatio": 0.3413572235944237, "interestExpense": 254000000, "eps": 1.68, "epsdiluted": 1.67, "depreciationAndAmortization": 505000000, "costOfRevenue": 15733000000, "operatingIncomeRatio": 0.140201783397, "operatingIncome": 3349000000}, {"finalLink": "https://www.sec.gov/Archives/edgar/data/354950/000035495017000005/hd-01292017x10xk.htm", "sellingAndMarketingExpenses": 0.0, "revenue": 22207000000, "researchAndDevelopmentExpenses": 0.0, "acceptedDate": "2017-03-23 16:29:46", "fillingDate": "2017-03-23", "weightedAverageShsOutDil": 1234000000, "costAndExpenses": 19280000000, "ebitda": 3426000000, "ebitdaratio": 0.15427567884, "incomeBeforeTaxRatio": 0.121223037781, "incomeTaxExpense": 948000000, "totalOtherIncomeExpensesNet": -235000000, "grossProfit": 7553000000, "otherExpenses": 443000000, "incomeBeforeTax": 2692000000, "operatingExpenses": 4626000000, "generalAndAdministrativeExpenses": 4183000000, "netIncome": 1744000000, "symbol": "HD", "weightedAverageShsOut": 1229000000, "period": "FY", "link": "https://www.sec.gov/Archives/edgar/data/354950/000035495017000005/0000354950-17-000005-index.htm", "date": "2017-01-29", "netIncomeRatio": 0.07853379565, "grossProfitRatio": 0.34011798081685957, "interestExpense": 246000000, "eps": 1.44, "epsdiluted": 1.45, "depreciationAndAmortization": 499000000, "costOfRevenue": 14654000000, "operatingIncomeRatio": 0.131805286621, "operatingIncome": 2927000000}, {"finalLink": "https://www.sec.gov/Archives/edgar/data/354950/000035495016000094/hd_10qx10302016.htm", "sellingAndMarketingExpenses": 0.0, "revenue": 23154000000, "researchAndDevelopmentExpenses": 0.0, "acceptedDate": "2016-11-21 19:02:56", "fillingDate": "2016-11-22", "weightedAverageShsOutDil": 1242000000, "costAndExpenses": 19834000000, "ebitda": 3816000000, "ebitdaratio": 0.164809536149, "incomeBeforeTaxRatio": 0.133195128272, "incomeTaxExpense": 1115000000, "totalOtherIncomeExpensesNet": -236000000, "grossProfit": 8042000000, "otherExpenses": 442000000, "incomeBeforeTax": 3084000000, "operatingExpenses": 4722000000, "generalAndAdministrativeExpenses": 4280000000, "netIncome": 1969000000, "symbol": "HD", "weightedAverageShsOut": 1236000000, "period": "Q3", "link": "https://www.sec.gov/Archives/edgar/data/354950/000035495016000094/0000354950-16-000094-index.htm", "date": "2016-10-30", "netIncomeRatio": 0.0850393020644, "grossProfitRatio": 0.3473265958365725, "interestExpense": 246000000, "eps": 1.61, "epsdiluted": 1.6, "depreciationAndAmortization": 496000000, "costOfRevenue": 15112000000, "operatingIncomeRatio": 0.143387751576, "operatingIncome": 3320000000}, {"finalLink": "https://www.sec.gov/Archives/edgar/data/354950/000035495016000082/hd_10qx07312016.htm", "sellingAndMarketingExpenses": 0.0, "revenue": 26472000000, "researchAndDevelopmentExpenses": 0.0, "acceptedDate": "2016-08-22 18:18:52", "fillingDate": "2016-08-23", "weightedAverageShsOutDil": 1247000000, "costAndExpenses": 22369000000, "ebitda": 4595000000, "ebitdaratio": 0.173579631309, "incomeBeforeTaxRatio": 0.146381081898, "incomeTaxExpense": 1434000000, "totalOtherIncomeExpensesNet": -228000000, "grossProfit": 8927000000, "otherExpenses": 436000000, "incomeBeforeTax": 3875000000, "operatingExpenses": 4824000000, "generalAndAdministrativeExpenses": 4388000000, "netIncome": 2441000000, "symbol": "HD", "weightedAverageShsOut": 1242000000, "period": "Q2", "link": "https://www.sec.gov/Archives/edgar/data/354950/000035495016000082/0000354950-16-000082-index.htm", "date": "2016-07-31", "netIncomeRatio": 0.0922106376549, "grossProfitRatio": 0.337224236929586, "interestExpense": 236000000, "eps": 1.97, "epsdiluted": 1.96, "depreciationAndAmortization": 492000000, "costOfRevenue": 17545000000, "operatingIncomeRatio": 0.154993955878, "operatingIncome": 4103000000}, {"finalLink": "https://www.sec.gov/Archives/edgar/data/354950/000035495016000060/hd-1312016x10xk.htm", "sellingAndMarketingExpenses": 0.0, "revenue": 22762000000, "researchAndDevelopmentExpenses": 0.0, "acceptedDate": "2016-05-23 18:40:09", "fillingDate": "2016-05-24", "weightedAverageShsOutDil": 1252000000, "costAndExpenses": 19685000000, "ebitda": 3563000000, "ebitdaratio": 0.156532817854, "incomeBeforeTaxRatio": 0.124769352429, "incomeTaxExpense": 1037000000, "totalOtherIncomeExpensesNet": -237000000, "grossProfit": 7791000000, "otherExpenses": 433000000, "incomeBeforeTax": 2840000000, "operatingExpenses": 4714000000, "generalAndAdministrativeExpenses": 4281000000, "netIncome": 1803000000, "symbol": "HD", "weightedAverageShsOut": 1247000000, "period": "Q1", "link": "https://www.sec.gov/Archives/edgar/data/354950/000035495016000065/0000354950-16-000065-index.htm", "date": "2016-05-01", "netIncomeRatio": 0.0792109656445, "grossProfitRatio": 0.3422809946401898, "interestExpense": 244000000, "eps": 1.45, "epsdiluted": 1.44, "depreciationAndAmortization": 486000000, "costOfRevenue": 14971000000, "operatingIncomeRatio": 0.135181442755, "operatingIncome": 3077000000}, {"finalLink": "https://www.sec.gov/Archives/edgar/data/354950/000035495016000060/hd-1312016x10xk.htm", "sellingAndMarketingExpenses": 0.0, "revenue": 20980000000, "researchAndDevelopmentExpenses": 0.0, "acceptedDate": "2016-03-24 16:05:36", "fillingDate": "2016-03-24", "weightedAverageShsOutDil": 1283000000, "costAndExpenses": 18431000000, "ebitda": 3028000000, "ebitdaratio": 0.144327931363, "incomeBeforeTaxRatio": 0.1102478551, "incomeTaxExpense": 842000000, "totalOtherIncomeExpensesNet": -236000000, "grossProfit": 7156000000, "otherExpenses": 429000000, "incomeBeforeTax": 2313000000, "operatingExpenses": 4607000000, "generalAndAdministrativeExpenses": 4178000000, "netIncome": 1471000000, "symbol": "HD", "weightedAverageShsOut": 1277000000, "period": "FY", "link": "https://www.sec.gov/Archives/edgar/data/354950/000035495016000060/0000354950-16-000060-index.htm", "date": "2016-01-31", "netIncomeRatio": 0.0701143946616, "grossProfitRatio": 0.34108674928503335, "interestExpense": 242000000, "eps": 1.18, "epsdiluted": 1.17, "depreciationAndAmortization": 479000000, "costOfRevenue": 13824000000, "operatingIncomeRatio": 0.121496663489, "operatingIncome": 2549000000}, {"finalLink": "https://www.sec.gov/Archives/edgar/data/354950/000035495015000049/hd_10qx11012015.htm", "sellingAndMarketingExpenses": 0.0, "revenue": 21819000000, "researchAndDevelopmentExpenses": 0.0, "acceptedDate": "2015-11-23 17:47:23", "fillingDate": "2015-11-24", "weightedAverageShsOutDil": 1290000000, "costAndExpenses": 18838000000, "ebitda": 3450000000, "ebitdaratio": 0.158119070535, "incomeBeforeTaxRatio": 0.12562445575, "incomeTaxExpense": 1016000000, "totalOtherIncomeExpensesNet": -240000000, "grossProfit": 7565000000, "otherExpenses": 423000000, "incomeBeforeTax": 2741000000, "operatingExpenses": 4584000000, "generalAndAdministrativeExpenses": 4161000000, "netIncome": 1725000000, "symbol": "HD", "weightedAverageShsOut": 1284000000, "period": "Q3", "link": "https://www.sec.gov/Archives/edgar/data/354950/000035495015000049/0000354950-15-000049-index.htm", "date": "2015-11-01", "netIncomeRatio": 0.0790595352674, "grossProfitRatio": 0.3467161648104863, "interestExpense": 247000000, "eps": 1.36, "epsdiluted": 1.35, "depreciationAndAmortization": 469000000, "costOfRevenue": 14254000000, "operatingIncomeRatio": 0.136624043265, "operatingIncome": 2981000000}, {"finalLink": "https://www.sec.gov/Archives/edgar/data/354950/000035495015000033/hd_10qx08022015.htm", "sellingAndMarketingExpenses": 0.0, "revenue": 24829000000, "researchAndDevelopmentExpenses": 0.0, "acceptedDate": "2015-08-24 18:15:14", "fillingDate": "2015-08-25", "weightedAverageShsOutDil": 1298000000, "costAndExpenses": 21182000000, "ebitda": 4108000000, "ebitdaratio": 0.165451689557, "incomeBeforeTaxRatio": 0.143501550606, "incomeTaxExpense": 1329000000, "totalOtherIncomeExpensesNet": -84000000, "grossProfit": 8365000000, "otherExpenses": 419000000, "incomeBeforeTax": 3563000000, "operatingExpenses": 4718000000, "generalAndAdministrativeExpenses": 4299000000, "netIncome": 2234000000, "symbol": "HD", "weightedAverageShsOut": 1291000000, "period": "Q2", "link": "https://www.sec.gov/Archives/edgar/data/354950/000035495015000033/0000354950-15-000033-index.htm", "date": "2015-08-02", "netIncomeRatio": 0.0899754319546, "grossProfitRatio": 0.336904426275726, "interestExpense": 233000000, "eps": 1.73, "epsdiluted": 1.73, "depreciationAndAmortization": 461000000, "costOfRevenue": 16464000000, "operatingIncomeRatio": 0.146884691288, "operatingIncome": 3647000000}, {"finalLink": "https://www.sec.gov/Archives/edgar/data/354950/000035495015000008/hd-212015x10xk.htm", "sellingAndMarketingExpenses": 0.0, "revenue": 20891000000, "researchAndDevelopmentExpenses": 0.0, "acceptedDate": "2015-05-26 18:21:38", "fillingDate": "2015-05-27", "weightedAverageShsOutDil": 1305000000, "costAndExpenses": 18294000000, "ebitda": 3051000000, "ebitdaratio": 0.146043750898, "incomeBeforeTaxRatio": 0.115073476617, "incomeTaxExpense": 825000000, "totalOtherIncomeExpensesNet": -193000000, "grossProfit": 7179000000, "otherExpenses": 419000000, "incomeBeforeTax": 2404000000, "operatingExpenses": 4582000000, "generalAndAdministrativeExpenses": 4163000000, "netIncome": 1579000000, "symbol": "HD", "weightedAverageShsOut": 1298000000, "period": "Q1", "link": "https://www.sec.gov/Archives/edgar/data/354950/000035495015000018/0000354950-15-000018-index.htm", "date": "2015-05-03", "netIncomeRatio": 0.075582786846, "grossProfitRatio": 0.3436408022593461, "interestExpense": 197000000, "eps": 1.22, "epsdiluted": 1.21, "depreciationAndAmortization": 454000000, "costOfRevenue": 13712000000, "operatingIncomeRatio": 0.124311904648, "operatingIncome": 2597000000}, {"finalLink": "https://www.sec.gov/Archives/edgar/data/354950/000035495015000008/hd-212015x10xk.htm", "sellingAndMarketingExpenses": 0.0, "revenue": 19162000000, "researchAndDevelopmentExpenses": 0.0, "acceptedDate": "2015-03-26 16:03:43", "fillingDate": "2015-03-26", "weightedAverageShsOutDil": 1346000000, "costAndExpenses": 16971000000, "ebitda": 2632000000, "ebitdaratio": 0.137355182131, "incomeBeforeTaxRatio": 0.109226594301, "incomeTaxExpense": 714000000, "totalOtherIncomeExpensesNet": -98000000, "grossProfit": 6723000000, "otherExpenses": 407000000, "incomeBeforeTax": 2093000000, "operatingExpenses": 4532000000, "generalAndAdministrativeExpenses": 4125000000, "netIncome": 1379000000, "symbol": "HD", "weightedAverageShsOut": 1338000000, "period": "FY", "link": "https://www.sec.gov/Archives/edgar/data/354950/000035495015000008/0000354950-15-000008-index.htm", "date": "2015-02-01", "netIncomeRatio": 0.0719653480848, "grossProfitRatio": 0.35085064189541804, "interestExpense": 213000000, "eps": 1.06, "epsdiluted": 1.05, "depreciationAndAmortization": 441000000, "costOfRevenue": 12439000000, "operatingIncomeRatio": 0.114340882998, "operatingIncome": 2191000000}, {"finalLink": "https://www.sec.gov/Archives/edgar/data/354950/000035495014000047/hd_10qx11022014.htm", "sellingAndMarketingExpenses": 0.0, "revenue": 20516000000, "researchAndDevelopmentExpenses": 0.0, "acceptedDate": "2014-11-24 18:39:32", "fillingDate": "2014-11-25", "weightedAverageShsOutDil": 1356000000, "costAndExpenses": 17963000000, "ebitda": 3002000000, "ebitdaratio": 0.146324819653, "incomeBeforeTaxRatio": 0.118931565607, "incomeTaxExpense": 903000000, "totalOtherIncomeExpensesNet": -113000000, "grossProfit": 7185000000, "otherExpenses": 415000000, "incomeBeforeTax": 2440000000, "operatingExpenses": 4632000000, "generalAndAdministrativeExpenses": 4217000000, "netIncome": 1537000000, "symbol": "HD", "weightedAverageShsOut": 1348000000, "period": "Q3", "link": "https://www.sec.gov/Archives/edgar/data/354950/000035495014000047/0000354950-14-000047-index.htm", "date": "2014-11-02", "netIncomeRatio": 0.0749171378436, "grossProfitRatio": 0.35021446675765255, "interestExpense": 218000000, "eps": 1.15, "epsdiluted": 1.15, "depreciationAndAmortization": 449000000, "costOfRevenue": 13331000000, "operatingIncomeRatio": 0.124439461883, "operatingIncome": 2553000000}, {"finalLink": "https://www.sec.gov/Archives/edgar/data/354950/000035495014000032/hd_10qx08032014.htm", "sellingAndMarketingExpenses": 0.0, "revenue": 23811000000, "researchAndDevelopmentExpenses": 0.0, "acceptedDate": "2014-08-27 16:00:23", "fillingDate": "2014-08-27", "weightedAverageShsOutDil": 1365000000, "costAndExpenses": 20363000000, "ebitda": 3897000000, "ebitdaratio": 0.163663852841, "incomeBeforeTaxRatio": 0.136785519298, "incomeTaxExpense": 1207000000, "totalOtherIncomeExpensesNet": -191000000, "grossProfit": 8161000000, "otherExpenses": 415000000, "incomeBeforeTax": 3257000000, "operatingExpenses": 4713000000, "generalAndAdministrativeExpenses": 4298000000, "netIncome": 2050000000, "symbol": "HD", "weightedAverageShsOut": 1358000000, "period": "Q2", "link": "https://www.sec.gov/Archives/edgar/data/354950/000035495014000032/0000354950-14-000032-index.htm", "date": "2014-08-03", "netIncomeRatio": 0.0860946621309, "grossProfitRatio": 0.34274075007349547, "interestExpense": 208000000, "eps": 1.52, "epsdiluted": 1.51, "depreciationAndAmortization": 449000000, "costOfRevenue": 15650000000, "operatingIncomeRatio": 0.144807021965, "operatingIncome": 3448000000}, {"finalLink": "https://www.sec.gov/Archives/edgar/data/354950/000035495014000008/hd-222014x10xk.htm", "sellingAndMarketingExpenses": 0.0, "revenue": 19687000000, "researchAndDevelopmentExpenses": 0.0, "acceptedDate": "2014-05-28 16:02:25", "fillingDate": "2014-05-28", "weightedAverageShsOutDil": 1376000000, "costAndExpenses": 17410000000, "ebitda": 2724000000, "ebitdaratio": 0.138365418804, "incomeBeforeTaxRatio": 0.111037740641, "incomeTaxExpense": 807000000, "totalOtherIncomeExpensesNet": -91000000, "grossProfit": 6885000000, "otherExpenses": 414000000, "incomeBeforeTax": 2186000000, "operatingExpenses": 4608000000, "generalAndAdministrativeExpenses": 4194000000, "netIncome": 1379000000, "symbol": "HD", "weightedAverageShsOut": 1367000000, "period": "Q1", "link": "https://www.sec.gov/Archives/edgar/data/354950/000035495014000017/0000354950-14-000017-index.htm", "date": "2014-05-04", "netIncomeRatio": 0.0700462233961, "grossProfitRatio": 0.34972316757250976, "interestExpense": 191000000, "eps": 1.01, "epsdiluted": 1.0, "depreciationAndAmortization": 447000000, "costOfRevenue": 12802000000, "operatingIncomeRatio": 0.115660080256, "operatingIncome": 2277000000}, {"finalLink": "https://www.sec.gov/Archives/edgar/data/354950/000035495014000008/hd-222014x10xk.htm", "sellingAndMarketingExpenses": 0.0, "revenue": 17696000000, "researchAndDevelopmentExpenses": 0.0, "acceptedDate": "2014-03-27 16:14:17", "fillingDate": "2014-03-27", "weightedAverageShsOutDil": 1434000000, "costAndExpenses": 15935000000, "ebitda": 2201000000, "ebitdaratio": 0.124378390597, "incomeBeforeTaxRatio": 0.0500678119349, "incomeTaxExpense": 570000000, "totalOtherIncomeExpensesNet": -178000000, "grossProfit": 6192000000, "otherExpenses": 407000000, "incomeBeforeTax": 886000000, "operatingExpenses": 4431000000, "generalAndAdministrativeExpenses": 4024000000, "netIncome": 1013000000, "symbol": "HD", "weightedAverageShsOut": 1425000000, "period": "FY", "link": "https://www.sec.gov/Archives/edgar/data/354950/000035495014000008/0000354950-14-000008-index.htm", "date": "2014-02-02", "netIncomeRatio": 0.0572445750452, "grossProfitRatio": 0.3499095840867993, "interestExpense": 182000000, "eps": 0.74, "epsdiluted": 0.74, "depreciationAndAmortization": 440000000, "costOfRevenue": 11504000000, "operatingIncomeRatio": 0.0995140144665, "operatingIncome": 1761000000}, {"finalLink": "https://www.sec.gov/Archives/edgar/data/354950/000035495013000047/hd_10qx11032013.htm", "sellingAndMarketingExpenses": 0.0, "revenue": 19470000000, "researchAndDevelopmentExpenses": 0.0, "acceptedDate": "2013-11-27 08:00:40", "fillingDate": "2013-11-27", "weightedAverageShsOutDil": 1448000000, "costAndExpenses": 17177000000, "ebitda": 2733000000, "ebitdaratio": 0.140369799692, "incomeBeforeTaxRatio": 0.108115048793, "incomeTaxExpense": 754000000, "totalOtherIncomeExpensesNet": -188000000, "grossProfit": 6798000000, "otherExpenses": 409000000, "incomeBeforeTax": 2105000000, "operatingExpenses": 4505000000, "generalAndAdministrativeExpenses": 4096000000, "netIncome": 1351000000, "symbol": "HD", "weightedAverageShsOut": 1438000000, "period": "Q3", "link": "https://www.sec.gov/Archives/edgar/data/354950/000035495013000047/0000354950-13-000047-index.htm", "date": "2013-11-03", "netIncomeRatio": 0.0693888032871, "grossProfitRatio": 0.34915254237288135, "interestExpense": 191000000, "eps": 0.96, "epsdiluted": 0.95, "depreciationAndAmortization": 440000000, "costOfRevenue": 12672000000, "operatingIncomeRatio": 0.117770929635, "operatingIncome": 2293000000}, {"finalLink": "https://www.sec.gov/Archives/edgar/data/354950/000035495013000032/hd_10qx08042013.htm", "sellingAndMarketingExpenses": 0.0, "revenue": 22522000000, "researchAndDevelopmentExpenses": 0.0, "acceptedDate": "2013-08-28 16:00:46", "fillingDate": "2013-08-28", "weightedAverageShsOutDil": 1462000000, "costAndExpenses": 19504000000, "ebitda": 3460000000, "ebitdaratio": 0.153627564159, "incomeBeforeTaxRatio": 0.126365331676, "incomeTaxExpense": 1051000000, "totalOtherIncomeExpensesNet": -172000000, "grossProfit": 7721000000, "otherExpenses": 409000000, "incomeBeforeTax": 2846000000, "operatingExpenses": 4703000000, "generalAndAdministrativeExpenses": 4294000000, "netIncome": 1795000000, "symbol": "HD", "weightedAverageShsOut": 1452000000, "period": "Q2", "link": "https://www.sec.gov/Archives/edgar/data/354950/000035495013000032/0000354950-13-000032-index.htm", "date": "2013-08-04", "netIncomeRatio": 0.0796998490365, "grossProfitRatio": 0.34282035343219963, "interestExpense": 174000000, "eps": 1.24, "epsdiluted": 1.24, "depreciationAndAmortization": 442000000, "costOfRevenue": 14801000000, "operatingIncomeRatio": 0.134002308854, "operatingIncome": 3018000000}, {"finalLink": "https://www.sec.gov/Archives/edgar/data/354950/000035495013000008/hd-232013x10xk.htm", "sellingAndMarketingExpenses": 0.0, "revenue": 19124000000, "researchAndDevelopmentExpenses": 0.0, "acceptedDate": "2013-05-29 16:06:07", "fillingDate": "2013-05-29", "weightedAverageShsOutDil": 1478000000, "costAndExpenses": 17030000000, "ebitda": 2529000000, "ebitdaratio": 0.132242208743, "incomeBeforeTaxRatio": 0.101077180506, "incomeTaxExpense": 707000000, "totalOtherIncomeExpensesNet": -161000000, "grossProfit": 6679000000, "otherExpenses": 402000000, "incomeBeforeTax": 1933000000, "operatingExpenses": 4585000000, "generalAndAdministrativeExpenses": 4183000000, "netIncome": 1226000000, "symbol": "HD", "weightedAverageShsOut": 1468000000, "period": "Q1", "link": "https://www.sec.gov/Archives/edgar/data/354950/000035495013000015/0000354950-13-000015-index.htm", "date": "2013-05-05", "netIncomeRatio": 0.0641079272119, "grossProfitRatio": 0.3492470194519975, "interestExpense": 164000000, "eps": 0.84, "epsdiluted": 0.83, "depreciationAndAmortization": 435000000, "costOfRevenue": 12445000000, "operatingIncomeRatio": 0.109495921355, "operatingIncome": 2094000000}, {"finalLink": "https://www.sec.gov/Archives/edgar/data/354950/000035495013000008/hd-232013x10xk.htm", "sellingAndMarketingExpenses": 0.0, "revenue": 18246000000, "researchAndDevelopmentExpenses": 0.0, "acceptedDate": "2013-03-28 16:22:36", "fillingDate": "2013-03-28", "weightedAverageShsOutDil": 1511000000, "costAndExpenses": 16496000000, "ebitda": 2177000000, "ebitdaratio": 0.119313822208, "incomeBeforeTaxRatio": 0.0871423873726, "incomeTaxExpense": 569000000, "totalOtherIncomeExpensesNet": -160000000, "grossProfit": 6366000000, "otherExpenses": 399000000, "incomeBeforeTax": 1590000000, "operatingExpenses": 4616000000, "generalAndAdministrativeExpenses": 4217000000, "netIncome": 1021000000, "symbol": "HD", "weightedAverageShsOut": 1499000000, "period": "FY", "link": "https://www.sec.gov/Archives/edgar/data/354950/000035495013000008/0000354950-13-000008-index.htm", "date": "2013-02-03", "netIncomeRatio": 0.0559574701304, "grossProfitRatio": 0.3488983886879316, "interestExpense": 166000000, "eps": 0.7, "epsdiluted": 0.68, "depreciationAndAmortization": 427000000, "costOfRevenue": 11880000000, "operatingIncomeRatio": 0.0959114326428, "operatingIncome": 1750000000}, {"finalLink": "https://www.sec.gov/Archives/edgar/data/354950/000035495012000035/hd_10qx10282012.htm", "sellingAndMarketingExpenses": 0.0, "revenue": 18130000000, "researchAndDevelopmentExpenses": 0.0, "acceptedDate": "2012-11-21 16:06:49", "fillingDate": "2012-11-21", "weightedAverageShsOutDil": 1517000000, "costAndExpenses": 16397000000, "ebitda": 2157000000, "ebitdaratio": 0.118974076117, "incomeBeforeTaxRatio": 0.0873138444567, "incomeTaxExpense": 636000000, "totalOtherIncomeExpensesNet": -150000000, "grossProfit": 6267000000, "otherExpenses": 395000000, "incomeBeforeTax": 1583000000, "operatingExpenses": 4534000000, "generalAndAdministrativeExpenses": 4139000000, "netIncome": 947000000, "symbol": "HD", "weightedAverageShsOut": 1505000000, "period": "Q3", "link": "https://www.sec.gov/Archives/edgar/data/354950/000035495012000035/0000354950-12-000035-index.htm", "date": "2012-10-28", "netIncomeRatio": 0.0522338665196, "grossProfitRatio": 0.34567015995587425, "interestExpense": 155000000, "eps": 0.63, "epsdiluted": 0.64, "depreciationAndAmortization": 424000000, "costOfRevenue": 11863000000, "operatingIncomeRatio": 0.0955874241589, "operatingIncome": 1733000000}, {"finalLink": "https://www.sec.gov/Archives/edgar/data/354950/000035495012000024/hd_10qx07292012.htm", "sellingAndMarketingExpenses": 0.0, "revenue": 20570000000, "researchAndDevelopmentExpenses": 0.0, "acceptedDate": "2012-08-22 16:04:26", "fillingDate": "2012-08-22", "weightedAverageShsOutDil": 1525000000, "costAndExpenses": 18001000000, "ebitda": 2992000000, "ebitdaratio": 0.145454545455, "incomeBeforeTaxRatio": 0.117549829849, "incomeTaxExpense": 886000000, "totalOtherIncomeExpensesNet": -151000000, "grossProfit": 7026000000, "otherExpenses": 391000000, "incomeBeforeTax": 2418000000, "operatingExpenses": 4457000000, "generalAndAdministrativeExpenses": 4066000000, "netIncome": 1532000000, "symbol": "HD", "weightedAverageShsOut": 1513000000, "period": "Q2", "link": "https://www.sec.gov/Archives/edgar/data/354950/000035495012000024/0000354950-12-000024-index.htm", "date": "2012-07-29", "netIncomeRatio": 0.0744773942635, "grossProfitRatio": 0.3415653864851726, "interestExpense": 155000000, "eps": 1.02, "epsdiluted": 1.0, "depreciationAndAmortization": 423000000, "costOfRevenue": 13544000000, "operatingIncomeRatio": 0.124890617404, "operatingIncome": 2569000000}, {"finalLink": "https://www.sec.gov/Archives/edgar/data/354950/000035495012000003/hd-1292012x10xk.htm", "sellingAndMarketingExpenses": 0.0, "revenue": 17808000000, "researchAndDevelopmentExpenses": 0.0, "acceptedDate": "2012-05-24 16:04:56", "fillingDate": "2012-05-24", "weightedAverageShsOutDil": 1531000000, "costAndExpenses": 16094000000, "ebitda": 2124000000, "ebitdaratio": 0.119272237197, "incomeBeforeTaxRatio": 0.0915318957772, "incomeTaxExpense": 595000000, "totalOtherIncomeExpensesNet": -84000000, "grossProfit": 6183000000, "otherExpenses": 383000000, "incomeBeforeTax": 1630000000, "operatingExpenses": 4469000000, "generalAndAdministrativeExpenses": 4086000000, "netIncome": 1035000000, "symbol": "HD", "weightedAverageShsOut": 1522000000, "period": "Q1", "link": "https://www.sec.gov/Archives/edgar/data/354950/000035495012000012/0000354950-12-000012-index.htm", "date": "2012-04-29", "netIncomeRatio": 0.0581199460916, "grossProfitRatio": 0.34720350404312667, "interestExpense": 156000000, "eps": 0.68, "epsdiluted": 0.68, "depreciationAndAmortization": 410000000, "costOfRevenue": 11625000000, "operatingIncomeRatio": 0.0962488769093, "operatingIncome": 1714000000}, {"finalLink": "https://www.sec.gov/Archives/edgar/data/354950/000035495012000003/hd-1292012x10xk.htm", "sellingAndMarketingExpenses": 0.0, "revenue": 16014000000, "researchAndDevelopmentExpenses": 0.0, "acceptedDate": "2012-03-22 16:14:41", "fillingDate": "2012-03-22", "weightedAverageShsOutDil": 1570000000, "costAndExpenses": 14684000000, "ebitda": 1747000000, "ebitdaratio": 0.109092044461, "incomeBeforeTaxRatio": 0.0736855251655, "incomeTaxExpense": 406000000, "totalOtherIncomeExpensesNet": -150000000, "grossProfit": 5597000000, "otherExpenses": 390000000, "incomeBeforeTax": 1180000000, "operatingExpenses": 4267000000, "generalAndAdministrativeExpenses": 3877000000, "netIncome": 774000000, "symbol": "HD", "weightedAverageShsOut": 1562000000, "period": "FY", "link": "https://www.sec.gov/Archives/edgar/data/354950/000035495012000003/0000354950-12-000003-index.htm", "date": "2012-01-29", "netIncomeRatio": 0.0483327088797, "grossProfitRatio": 0.34950668165355314, "interestExpense": 154000000, "eps": 0.51, "epsdiluted": 0.5, "depreciationAndAmortization": 417000000, "costOfRevenue": 10417000000, "operatingIncomeRatio": 0.0830523292119, "operatingIncome": 1330000000}, {"finalLink": "https://www.sec.gov/Archives/edgar/data/354950/000035495011000005/hd_10qx10302011.htm", "sellingAndMarketingExpenses": 0.0, "revenue": 17326000000, "researchAndDevelopmentExpenses": 0.0, "acceptedDate": "2011-11-29 16:15:39", "fillingDate": "2011-11-29", "weightedAverageShsOutDil": 1581000000, "costAndExpenses": 15711000000, "ebitda": 2031000000, "ebitdaratio": 0.11722267113, "incomeBeforeTaxRatio": 0.0840932702297, "incomeTaxExpense": 523000000, "totalOtherIncomeExpensesNet": -443000000, "grossProfit": 5961000000, "otherExpenses": 390000000, "incomeBeforeTax": 1457000000, "operatingExpenses": 4346000000, "generalAndAdministrativeExpenses": 3956000000, "netIncome": 934000000, "symbol": "HD", "weightedAverageShsOut": 1572000000, "period": "Q3", "link": "https://www.sec.gov/Archives/edgar/data/354950/000035495011000005/0000354950-11-000005-index.htm", "date": "2011-10-30", "netIncomeRatio": 0.053907422371, "grossProfitRatio": 0.344049405517719, "interestExpense": 162000000, "eps": 0.61, "epsdiluted": 0.61, "depreciationAndAmortization": 416000000, "costOfRevenue": 11365000000, "operatingIncomeRatio": 0.0932125129863, "operatingIncome": 1615000000}, {"finalLink": "https://www.sec.gov/Archives/edgar/data/354950/000119312511239167/d10q.htm", "sellingAndMarketingExpenses": 0.0, "revenue": 20232000000, "researchAndDevelopmentExpenses": 0.0, "acceptedDate": "2011-09-01 16:18:50", "fillingDate": "2011-09-01", "weightedAverageShsOutDil": 1595000000, "costAndExpenses": 17938000000, "ebitda": 2719000000, "ebitdaratio": 0.134391063662, "incomeBeforeTaxRatio": 0.106168446026, "incomeTaxExpense": 785000000, "totalOtherIncomeExpensesNet": 0.0, "grossProfit": 6876000000, "otherExpenses": 396000000, "incomeBeforeTax": 2148000000, "operatingExpenses": 4582000000, "generalAndAdministrativeExpenses": 4186000000, "netIncome": 1363000000, "symbol": "HD", "weightedAverageShsOut": 1585000000, "period": "Q2", "link": "https://www.sec.gov/Archives/edgar/data/354950/000119312511239167/0001193125-11-239167-index.htm", "date": "2011-07-31", "netIncomeRatio": 0.0673685251087, "grossProfitRatio": 0.3398576512455516, "interestExpense": 149000000, "eps": 0.86, "epsdiluted": 0.86, "depreciationAndAmortization": 425000000, "costOfRevenue": 13356000000, "operatingIncomeRatio": 0.11338473705, "operatingIncome": 2294000000}, {"finalLink": "https://www.sec.gov/Archives/edgar/data/354950/000119312511076501/d10k.htm", "sellingAndMarketingExpenses": 0.0, "revenue": 16823000000, "researchAndDevelopmentExpenses": 0.0, "acceptedDate": "2011-06-02 16:06:22", "fillingDate": "2011-06-02", "weightedAverageShsOutDil": 1611000000, "costAndExpenses": 15401000000, "ebitda": 1846000000, "ebitdaratio": 0.109730725792, "incomeBeforeTaxRatio": 0.0762646376984, "incomeTaxExpense": 471000000, "totalOtherIncomeExpensesNet": 0.0, "grossProfit": 5828000000, "otherExpenses": 397000000, "incomeBeforeTax": 1283000000, "operatingExpenses": 4406000000, "generalAndAdministrativeExpenses": 4009000000, "netIncome": 812000000, "symbol": "HD", "weightedAverageShsOut": 1599000000, "period": "Q1", "link": "https://www.sec.gov/Archives/edgar/data/354950/000119312511157199/0001193125-11-157199-index.htm", "date": "2011-05-01", "netIncomeRatio": 0.0482672531653, "grossProfitRatio": 0.34643048207810734, "interestExpense": 141000000, "eps": 0.51, "epsdiluted": 0.5, "depreciationAndAmortization": 424000000, "costOfRevenue": 10995000000, "operatingIncomeRatio": 0.0845271354693, "operatingIncome": 1422000000}, {"finalLink": "https://www.sec.gov/Archives/edgar/data/354950/000119312511076501/d10k.htm", "sellingAndMarketingExpenses": 0.0, "revenue": 15126000000, "researchAndDevelopmentExpenses": 0.0, "acceptedDate": "2011-03-24 16:21:02", "fillingDate": "2011-03-24", "weightedAverageShsOutDil": 1658000000, "costAndExpenses": 14089000000, "ebitda": 1463000000, "ebitdaratio": 0.0967208779585, "incomeBeforeTaxRatio": 0.0628057649081, "incomeTaxExpense": 363000000, "totalOtherIncomeExpensesNet": 0.0, "grossProfit": 5243000000, "otherExpenses": 399000000, "incomeBeforeTax": 950000000, "operatingExpenses": 4206000000, "generalAndAdministrativeExpenses": 3807000000, "netIncome": 587000000, "symbol": "HD", "weightedAverageShsOut": 1648000000, "period": "FY", "link": "https://www.sec.gov/Archives/edgar/data/354950/000119312511076501/0001193125-11-076501-index.htm", "date": "2011-01-30", "netIncomeRatio": 0.0388073515801, "grossProfitRatio": 0.34662171096125877, "interestExpense": 91000000, "eps": 0.37, "epsdiluted": 0.36, "depreciationAndAmortization": 426000000, "costOfRevenue": 9883000000, "operatingIncomeRatio": 0.0685574507471, "operatingIncome": 1037000000}, {"finalLink": "https://www.sec.gov/Archives/edgar/data/354950/000119312510272940/d10q.htm", "sellingAndMarketingExpenses": 0.0, "revenue": 16598000000, "researchAndDevelopmentExpenses": 0.0, "acceptedDate": "2010-12-02 16:05:55", "fillingDate": "2010-12-02", "weightedAverageShsOutDil": 1667000000, "costAndExpenses": 15150000000, "ebitda": 1874000000, "ebitdaratio": 0.112905169298, "incomeBeforeTaxRatio": 0.0786841788167, "incomeTaxExpense": 472000000, "totalOtherIncomeExpensesNet": 0.0, "grossProfit": 5685000000, "otherExpenses": 400000000, "incomeBeforeTax": 1306000000, "operatingExpenses": 4237000000, "generalAndAdministrativeExpenses": 3837000000, "netIncome": 834000000, "symbol": "HD", "weightedAverageShsOut": 1657000000, "period": "Q3", "link": "https://www.sec.gov/Archives/edgar/data/354950/000119312510272940/0001193125-10-272940-index.htm", "date": "2010-10-31", "netIncomeRatio": 0.050247017713, "grossProfitRatio": 0.3425111459211953, "interestExpense": 146000000, "eps": 0.51, "epsdiluted": 0.51, "depreciationAndAmortization": 426000000, "costOfRevenue": 10913000000, "operatingIncomeRatio": 0.0872394264369, "operatingIncome": 1448000000}, {"finalLink": "https://www.sec.gov/Archives/edgar/data/354950/000119312510203898/d10q.htm", "sellingAndMarketingExpenses": 0.0, "revenue": 19410000000, "researchAndDevelopmentExpenses": 0.0, "acceptedDate": "2010-09-02 16:08:42", "fillingDate": "2010-09-02", "weightedAverageShsOutDil": 1676000000, "costAndExpenses": 17361000000, "ebitda": 2477000000, "ebitdaratio": 0.127614631633, "incomeBeforeTaxRatio": 0.0979392065945, "incomeTaxExpense": 709000000, "totalOtherIncomeExpensesNet": 0.0, "grossProfit": 6582000000, "otherExpenses": 406000000, "incomeBeforeTax": 1901000000, "operatingExpenses": 4533000000, "generalAndAdministrativeExpenses": 4127000000, "netIncome": 1192000000, "symbol": "HD", "weightedAverageShsOut": 1666000000, "period": "Q2", "link": "https://www.sec.gov/Archives/edgar/data/354950/000119312510203898/0001193125-10-203898-index.htm", "date": "2010-08-01", "netIncomeRatio": 0.0614116434827, "grossProfitRatio": 0.3391035548686244, "interestExpense": 151000000, "eps": 0.72, "epsdiluted": 0.71, "depreciationAndAmortization": 428000000, "costOfRevenue": 12828000000, "operatingIncomeRatio": 0.105564142195, "operatingIncome": 2049000000}, {"finalLink": "https://www.sec.gov/Archives/edgar/data/354950/000119312510067178/d10k.htm", "sellingAndMarketingExpenses": 0.0, "revenue": 16863000000, "researchAndDevelopmentExpenses": 0.0, "acceptedDate": "2010-06-03 16:22:40", "fillingDate": "2010-06-03", "weightedAverageShsOutDil": 1688000000, "costAndExpenses": 15558000000, "ebitda": 1743000000, "ebitdaratio": 0.103362391034, "incomeBeforeTaxRatio": 0.0661803949475, "incomeTaxExpense": 391000000, "totalOtherIncomeExpensesNet": 0.0, "grossProfit": 5794000000, "otherExpenses": 411000000, "incomeBeforeTax": 1116000000, "operatingExpenses": 4489000000, "generalAndAdministrativeExpenses": 4078000000, "netIncome": 725000000, "symbol": "HD", "weightedAverageShsOut": 1677000000, "period": "Q1", "link": "https://www.sec.gov/Archives/edgar/data/354950/000119312510132167/0001193125-10-132167-index.htm", "date": "2010-05-02", "netIncomeRatio": 0.0429935361442, "grossProfitRatio": 0.34359248057878194, "interestExpense": 142000000, "eps": 0.43, "epsdiluted": 0.43, "depreciationAndAmortization": 438000000, "costOfRevenue": 11069000000, "operatingIncomeRatio": 0.0773883650596, "operatingIncome": 1305000000}, {"finalLink": "https://www.sec.gov/Archives/edgar/data/354950/000119312510067178/d10k.htm", "sellingAndMarketingExpenses": 0.0, "revenue": 60030000000, "researchAndDevelopmentExpenses": 0.0, "acceptedDate": "2010-03-25 16:38:52", "fillingDate": "2010-03-25", "weightedAverageShsOutDil": 1692000000, "costAndExpenses": 55950000000, "ebitda": 5773000000, "ebitdaratio": 0.0961685823755, "incomeBeforeTaxRatio": 0.0561219390305, "incomeTaxExpense": 1200000000, "totalOtherIncomeExpensesNet": 0.0, "grossProfit": 20009000000, "otherExpenses": 1593000000, "incomeBeforeTax": 3369000000, "operatingExpenses": 15929000000, "generalAndAdministrativeExpenses": 14336000000, "netIncome": 2209000000, "symbol": "HD", "weightedAverageShsOut": 1683000000, "period": "FY", "link": "https://www.sec.gov/Archives/edgar/data/354950/000119312510067178/0001193125-10-067178-index.htm", "date": "2010-01-31", "netIncomeRatio": 0.0367982675329, "grossProfitRatio": 0.3333166749958354, "interestExpense": 566000000, "eps": -1.14, "epsdiluted": -1.14, "depreciationAndAmortization": 1693000000, "costOfRevenue": 40021000000, "operatingIncomeRatio": 0.0679660169915, "operatingIncome": 4080000000}, {"finalLink": "https://www.sec.gov/Archives/edgar/data/354950/000119312509246720/d10q.htm", "sellingAndMarketingExpenses": 0.0, "revenue": 16361000000, "researchAndDevelopmentExpenses": 0.0, "acceptedDate": "2009-12-03 16:12:13", "fillingDate": "2009-12-03", "weightedAverageShsOutDil": 1692000000, "costAndExpenses": 15098000000, "ebitda": 1716000000, "ebitdaratio": 0.10488356457429253, "incomeBeforeTaxRatio": 0.06717193325591345, "incomeTaxExpense": 410000000, "totalOtherIncomeExpensesNet": 0.0, "grossProfit": 5561000000, "otherExpenses": 428000000, "incomeBeforeTax": 1099000000, "operatingExpenses": 4298000000, "generalAndAdministrativeExpenses": 3870000000, "netIncome": 689000000, "symbol": "HD", "weightedAverageShsOut": 1683000000, "period": "Q3", "link": "https://www.sec.gov/Archives/edgar/data/354950/000119312509246720/0001193125-09-246720-index.htm", "date": "2009-11-01", "netIncomeRatio": 0.042112340321496244, "grossProfitRatio": 0.3398936495324247, "interestExpense": -168000000, "eps": 1.38, "epsdiluted": 1.38, "depreciationAndAmortization": 453000000, "costOfRevenue": 10800000000, "operatingIncomeRatio": 0.07719577042968034, "operatingIncome": 1263000000}, {"finalLink": "https://www.sec.gov/Archives/edgar/data/354950/000095012309040859/g19858e10vq.htm", "sellingAndMarketingExpenses": 0.0, "revenue": 19071000000, "researchAndDevelopmentExpenses": 0.0, "acceptedDate": "2009-09-03 16:24:54", "fillingDate": "2009-09-03", "weightedAverageShsOutDil": 1684000000, "costAndExpenses": 17238000000, "ebitda": 2291000000, "ebitdaratio": 0.12013004037543915, "incomeBeforeTaxRatio": 0.08767238215090976, "incomeTaxExpense": 556000000, "totalOtherIncomeExpensesNet": 0.0, "grossProfit": 6388000000, "otherExpenses": 434000000, "incomeBeforeTax": 1672000000, "operatingExpenses": 4555000000, "generalAndAdministrativeExpenses": 4121000000, "netIncome": 1116000000, "symbol": "HD", "weightedAverageShsOut": 1684000000, "period": "Q2", "link": "https://www.sec.gov/Archives/edgar/data/354950/000095012309040859/0000950123-09-040859-index.htm", "date": "2009-08-02", "netIncomeRatio": 0.0585181689476168, "grossProfitRatio": 0.3349588380263227, "interestExpense": -167000000, "eps": 0.97, "epsdiluted": 0.97, "depreciationAndAmortization": 458000000, "costOfRevenue": 12683000000, "operatingIncomeRatio": 0.09611451942740286, "operatingIncome": 1833000000}, {"finalLink": "https://www.sec.gov/Archives/edgar/data/354950/000095014409002875/x17422e10vk.htm", "sellingAndMarketingExpenses": 0.0, "revenue": 16175000000, "researchAndDevelopmentExpenses": 0.0, "acceptedDate": "2009-06-04 08:54:37", "fillingDate": "2009-06-04", "weightedAverageShsOutDil": 1683000000, "costAndExpenses": 15195000000, "ebitda": 1433000000, "ebitdaratio": 0.0885935085007728, "incomeBeforeTaxRatio": 0.04976816074188563, "incomeTaxExpense": 291000000, "totalOtherIncomeExpensesNet": 0.0, "grossProfit": 5450000000, "otherExpenses": 428000000, "incomeBeforeTax": 805000000, "operatingExpenses": 4470000000, "generalAndAdministrativeExpenses": 4042000000, "netIncome": 514000000, "symbol": "HD", "weightedAverageShsOut": 1683000000, "period": "Q1", "link": "https://www.sec.gov/Archives/edgar/data/354950/000095012309011236/0000950123-09-011236-index.htm", "date": "2009-05-03", "netIncomeRatio": 0.0317774343122102, "grossProfitRatio": 0.3369397217928903, "interestExpense": -180000000, "eps": 0.31, "epsdiluted": 0.31, "depreciationAndAmortization": 453000000, "costOfRevenue": 10725000000, "operatingIncomeRatio": 0.060587326120556416, "operatingIncome": 980000000}, {"finalLink": "https://www.sec.gov/Archives/edgar/data/354950/000095014409002875/x17422e10vk.htm", "sellingAndMarketingExpenses": 0.0, "revenue": 14607000000, "researchAndDevelopmentExpenses": 0.0, "acceptedDate": "2009-04-02 16:12:35", "fillingDate": "2009-04-02", "weightedAverageShsOutDil": 1682000000, "costAndExpenses": 14341000000, "ebitda": 736000000, "ebitdaratio": 0.05038680084890806, "incomeBeforeTaxRatio": -0.0021222701444512907, "incomeTaxExpense": -29000000, "totalOtherIncomeExpensesNet": 0.0, "grossProfit": 4960000000, "otherExpenses": 443000000, "incomeBeforeTax": -31000000, "operatingExpenses": 4694000000, "generalAndAdministrativeExpenses": 4251000000, "netIncome": -2000000.0, "symbol": "HD", "weightedAverageShsOut": 1682000000, "period": "FY", "link": "https://www.sec.gov/Archives/edgar/data/354950/000095014409002875/0000950144-09-002875-index.htm", "date": "2009-02-01", "netIncomeRatio": -0.0001369206544807284, "grossProfitRatio": 0.3395632231122065, "interestExpense": -139000000, "eps": 1.37, "epsdiluted": 1.37, "depreciationAndAmortization": 470000000, "costOfRevenue": 9647000000, "operatingIncomeRatio": 0.01821044704593688, "operatingIncome": 266000000}, {"finalLink": "https://www.sec.gov/Archives/edgar/data/354950/000110465908074677/a08-27665_110q.htm", "sellingAndMarketingExpenses": 0.0, "revenue": 17784000000, "researchAndDevelopmentExpenses": 0.0, "acceptedDate": "2008-12-04 16:21:47", "fillingDate": "2008-12-04", "weightedAverageShsOutDil": 1681000000, "costAndExpenses": 16461000000, "ebitda": 1799000000, "ebitdaratio": 0.10115834457939721, "incomeBeforeTaxRatio": 0.06590193432298695, "incomeTaxExpense": 416000000, "totalOtherIncomeExpensesNet": 0.0, "grossProfit": 5994000000, "otherExpenses": 446000000, "incomeBeforeTax": 1172000000, "operatingExpenses": 4671000000, "generalAndAdministrativeExpenses": 4225000000, "netIncome": 756000000, "symbol": "HD", "weightedAverageShsOut": 1681000000, "period": "Q3", "link": "https://www.sec.gov/Archives/edgar/data/354950/000110465908074677/0001104659-08-074677-index.htm", "date": "2008-11-02", "netIncomeRatio": 0.04251012145748988, "grossProfitRatio": 0.33704453441295545, "interestExpense": -157000000, "eps": 1.38, "epsdiluted": 1.38, "depreciationAndAmortization": 476000000, "costOfRevenue": 11790000000, "operatingIncomeRatio": 0.07439271255060728, "operatingIncome": 1323000000}, {"finalLink": "https://www.sec.gov/Archives/edgar/data/354950/000110465908057051/a08-20912_110q.htm", "sellingAndMarketingExpenses": 0.0, "revenue": 20990000000, "researchAndDevelopmentExpenses": 0.0, "acceptedDate": "2008-09-04 16:07:54", "fillingDate": "2008-09-04", "weightedAverageShsOutDil": 1680000000, "costAndExpenses": 18948000000, "ebitda": 2524000000, "ebitdaratio": 0.12024773701762745, "incomeBeforeTaxRatio": 0.08980466888994759, "incomeTaxExpense": 683000000, "totalOtherIncomeExpensesNet": 0.0, "grossProfit": 6964000000, "otherExpenses": 452000000, "incomeBeforeTax": 1885000000, "operatingExpenses": 4922000000, "generalAndAdministrativeExpenses": 4470000000, "netIncome": 1202000000, "symbol": "HD", "weightedAverageShsOut": 1680000000, "period": "Q2", "link": "https://www.sec.gov/Archives/edgar/data/354950/000110465908057051/0001104659-08-057051-index.htm", "date": "2008-08-03", "netIncomeRatio": 0.05726536445926632, "grossProfitRatio": 0.33177703668413533, "interestExpense": -161000000, "eps": 0.93, "epsdiluted": 0.93, "depreciationAndAmortization": 482000000, "costOfRevenue": 14026000000, "operatingIncomeRatio": 0.09728442115292997, "operatingIncome": 2042000000}, {"finalLink": "https://www.sec.gov/Archives/edgar/data/354950/000104746908004077/a2183971z10-k.htm", "sellingAndMarketingExpenses": 0.0, "revenue": 17907000000, "researchAndDevelopmentExpenses": 0.0, "acceptedDate": "2008-06-04 16:04:34", "fillingDate": "2008-06-04", "weightedAverageShsOutDil": 1679000000, "costAndExpenses": 17179000000, "ebitda": 1202000000, "ebitdaratio": 0.06712458814988552, "incomeBeforeTaxRatio": 0.031496062992125984, "incomeTaxExpense": 208000000, "totalOtherIncomeExpensesNet": 0.0, "grossProfit": 6072000000, "otherExpenses": 444000000, "incomeBeforeTax": 564000000, "operatingExpenses": 5344000000, "generalAndAdministrativeExpenses": 4900000000, "netIncome": 356000000, "symbol": "HD", "weightedAverageShsOut": 1679000000, "period": "Q1", "link": "https://www.sec.gov/Archives/edgar/data/354950/000110465908037776/0001104659-08-037776-index.htm", "date": "2008-05-04", "netIncomeRatio": 0.019880493661696544, "grossProfitRatio": 0.3390852739152287, "interestExpense": -167000000, "eps": 0.21, "epsdiluted": 0.21, "depreciationAndAmortization": 474000000, "costOfRevenue": 11835000000, "operatingIncomeRatio": 0.04065449265650305, "operatingIncome": 728000000}, {"finalLink": "https://www.sec.gov/Archives/edgar/data/354950/000104746908004077/a2183971z10-k.htm", "sellingAndMarketingExpenses": 0.0, "revenue": 17659000000, "researchAndDevelopmentExpenses": 0.0, "acceptedDate": "2008-04-03 16:36:42", "fillingDate": "2008-04-03", "weightedAverageShsOutDil": 1849000000, "costAndExpenses": 16410000000, "ebitda": 1730000000, "ebitdaratio": 0.09796704230137607, "incomeBeforeTaxRatio": 0.059856163995696245, "incomeTaxExpense": 386000000, "totalOtherIncomeExpensesNet": 0.0, "grossProfit": 6054000000, "otherExpenses": 452000000, "incomeBeforeTax": 1057000000, "operatingExpenses": 4805000000, "generalAndAdministrativeExpenses": 4353000000, "netIncome": 671000000, "symbol": "HD", "weightedAverageShsOut": 1849000000, "period": "FY", "link": "https://www.sec.gov/Archives/edgar/data/354950/000104746908004077/0001047469-08-004077-index.htm", "date": "2008-02-03", "netIncomeRatio": 0.037997621609377655, "grossProfitRatio": 0.34282801970666515, "interestExpense": -199000000, "eps": 2.28, "epsdiluted": 2.28, "depreciationAndAmortization": 481000000, "costOfRevenue": 11605000000, "operatingIncomeRatio": 0.07072880684070446, "operatingIncome": 1249000000}, {"finalLink": "https://www.sec.gov/Archives/edgar/data/354950/000110465907085623/a07-30127_110q.htm", "sellingAndMarketingExpenses": 0.0, "revenue": 18961000000, "researchAndDevelopmentExpenses": 0.0, "acceptedDate": "2007-11-28 16:32:36", "fillingDate": "2007-11-28", "weightedAverageShsOutDil": 1910000000, "costAndExpenses": 17197000000, "ebitda": 2226000000, "ebitdaratio": 0.1173988713675439, "incomeBeforeTaxRatio": 0.08644058857655187, "incomeTaxExpense": 568000000, "totalOtherIncomeExpensesNet": 0.0, "grossProfit": 6339000000, "otherExpenses": 431000000, "incomeBeforeTax": 1639000000, "operatingExpenses": 4575000000, "generalAndAdministrativeExpenses": 4144000000, "netIncome": 1071000000, "symbol": "HD", "weightedAverageShsOut": 1910000000, "period": "Q3", "link": "https://www.sec.gov/Archives/edgar/data/354950/000110465907085623/0001104659-07-085623-index.htm", "date": "2007-10-28", "netIncomeRatio": 0.05648436263910131, "grossProfitRatio": 0.33431781024207585, "interestExpense": -154000000, "eps": 1.85, "epsdiluted": 1.85, "depreciationAndAmortization": 462000000, "costOfRevenue": 12622000000, "operatingIncomeRatio": 0.09303306787616687, "operatingIncome": 1764000000}, {"finalLink": "https://www.sec.gov/Archives/edgar/data/354950/000110465907066810/a07-21939_110q.htm", "sellingAndMarketingExpenses": 0.0, "revenue": 19144000000, "researchAndDevelopmentExpenses": 0.0, "acceptedDate": "2007-09-04 16:37:00", "fillingDate": "2007-09-04", "weightedAverageShsOutDil": 1960000000, "costAndExpenses": 16750000000, "ebitda": 2872000000, "ebitdaratio": 0.15002089427496865, "incomeBeforeTaxRatio": 0.11753029669870456, "incomeTaxExpense": 828000000, "totalOtherIncomeExpensesNet": 0.0, "grossProfit": 6507000000, "otherExpenses": 364000000, "incomeBeforeTax": 2250000000, "operatingExpenses": 4113000000, "generalAndAdministrativeExpenses": 3749000000, "netIncome": 1422000000, "symbol": "HD", "weightedAverageShsOut": 1960000000, "period": "Q2", "link": "https://www.sec.gov/Archives/edgar/data/354950/000110465907066810/0001104659-07-066810-index.htm", "date": "2007-07-29", "netIncomeRatio": 0.07427914751358128, "grossProfitRatio": 0.33989761805265356, "interestExpense": -171000000, "eps": 1.26, "epsdiluted": 1.26, "depreciationAndAmortization": 478000000, "costOfRevenue": 12637000000, "operatingIncomeRatio": 0.12505223568742166, "operatingIncome": 2394000000}, {"finalLink": "https://www.sec.gov/Archives/edgar/data/354950/000104746907002295/a2176777z10-k.htm", "sellingAndMarketingExpenses": 0.0, "revenue": 21585000000, "researchAndDevelopmentExpenses": 0.0, "acceptedDate": "2007-06-06 17:21:01", "fillingDate": "2007-06-06", "weightedAverageShsOutDil": 1959000000, "costAndExpenses": 19750000000, "ebitda": 2320000000, "ebitdaratio": 0.10748204771832291, "incomeBeforeTaxRatio": 0.07755385684503127, "incomeTaxExpense": 628000000, "totalOtherIncomeExpensesNet": 0.0, "grossProfit": 7097000000, "otherExpenses": 455000000, "incomeBeforeTax": 1674000000, "operatingExpenses": 5262000000, "generalAndAdministrativeExpenses": 4807000000, "netIncome": 1046000000, "symbol": "HD", "weightedAverageShsOut": 1959000000, "period": "Q1", "link": "https://www.sec.gov/Archives/edgar/data/354950/000110465907045852/0001104659-07-045852-index.htm", "date": "2007-04-29", "netIncomeRatio": 0.04845957841093352, "grossProfitRatio": 0.3287931433866111, "interestExpense": -172000000, "eps": 0.53, "epsdiluted": 0.53, "depreciationAndAmortization": 485000000, "costOfRevenue": 14488000000, "operatingIncomeRatio": 0.08501274032893213, "operatingIncome": 1835000000}, {"finalLink": "https://www.sec.gov/Archives/edgar/data/354950/000104746907002295/a2176777z10-k.htm", "sellingAndMarketingExpenses": 0.0, "revenue": 20265000000, "researchAndDevelopmentExpenses": 0.0, "acceptedDate": "2007-03-29 17:08:40", "fillingDate": "2007-03-29", "weightedAverageShsOutDil": 2054000000, "costAndExpenses": 16901000000, "ebitda": 2064000000, "ebitdaratio": 0.10185048112509253, "incomeBeforeTaxRatio": 0.07298297557364915, "incomeTaxExpense": 554000000, "totalOtherIncomeExpensesNet": 0.0, "grossProfit": 6638000000, "otherExpenses": -1320000000, "incomeBeforeTax": 1479000000, "operatingExpenses": 3274000000, "generalAndAdministrativeExpenses": 4594000000, "netIncome": 925000000, "symbol": "HD", "weightedAverageShsOut": 2054000000, "period": "FY", "link": "https://www.sec.gov/Archives/edgar/data/354950/000104746907002295/0001047469-07-002295-index.htm", "date": "2007-01-28", "netIncomeRatio": 0.045645201085615594, "grossProfitRatio": 0.32755983222304463, "interestExpense": 127000000, "eps": 2.8, "epsdiluted": 2.8, "depreciationAndAmortization": 462000000, "costOfRevenue": 13627000000, "operatingIncomeRatio": 0.07905255366395263, "operatingIncome": 1602000000}, {"finalLink": "https://www.sec.gov/Archives/edgar/data/354950/000110465906079835/a06-24680_110q.htm", "sellingAndMarketingExpenses": 0.0, "revenue": 23085000000, "researchAndDevelopmentExpenses": 0.0, "acceptedDate": "2006-12-06 16:37:36", "fillingDate": "2006-12-06", "weightedAverageShsOutDil": 2074000000, "costAndExpenses": 20615000000, "ebitda": 2962000000, "ebitdaratio": 0.12830842538444878, "incomeBeforeTaxRatio": 0.10301061295213342, "incomeTaxExpense": 888000000, "totalOtherIncomeExpensesNet": 0.0, "grossProfit": 7537000000, "otherExpenses": 454000000, "incomeBeforeTax": 2378000000, "operatingExpenses": 5067000000, "generalAndAdministrativeExpenses": 4613000000, "netIncome": 1490000000, "symbol": "HD", "weightedAverageShsOut": 2074000000, "period": "Q3", "link": "https://www.sec.gov/Archives/edgar/data/354950/000110465906079835/0001104659-06-079835-index.htm", "date": "2006-10-29", "netIncomeRatio": 0.06454407623998268, "grossProfitRatio": 0.3264890621615768, "interestExpense": 98000000, "eps": 2.33, "epsdiluted": 2.33, "depreciationAndAmortization": 492000000, "costOfRevenue": 15548000000, "operatingIncomeRatio": 0.10699588477366255, "operatingIncome": 2470000000}, {"finalLink": "https://www.sec.gov/Archives/edgar/data/354950/000110465906059671/a06-18579_110q.htm", "sellingAndMarketingExpenses": 0.0, "revenue": 26026000000, "researchAndDevelopmentExpenses": 0.0, "acceptedDate": "2006-09-06 16:38:47", "fillingDate": "2006-09-06", "weightedAverageShsOutDil": 2090000000, "costAndExpenses": 22847000000, "ebitda": 3661000000, "ebitdaratio": 0.1406670252824099, "incomeBeforeTaxRatio": 0.11838161838161838, "incomeTaxExpense": 1219000000, "totalOtherIncomeExpensesNet": 0.0, "grossProfit": 8380000000, "otherExpenses": 446000000, "incomeBeforeTax": 3081000000, "operatingExpenses": 5201000000, "generalAndAdministrativeExpenses": 4755000000, "netIncome": 1862000000, "symbol": "HD", "weightedAverageShsOut": 2090000000, "period": "Q2", "link": "https://www.sec.gov/Archives/edgar/data/354950/000110465906059671/0001104659-06-059671-index.htm", "date": "2006-07-30", "netIncomeRatio": 0.07154384077461, "grossProfitRatio": 0.3219857066010912, "interestExpense": 104000000, "eps": 1.6, "epsdiluted": 1.6, "depreciationAndAmortization": 482000000, "costOfRevenue": 17646000000, "operatingIncomeRatio": 0.12214708368554522, "operatingIncome": 3179000000}, {"finalLink": "https://www.sec.gov/Archives/edgar/data/354950/000104746906004211/a2168212z10-k.htm", "sellingAndMarketingExpenses": 0.0, "revenue": 21461000000, "researchAndDevelopmentExpenses": 0.0, "acceptedDate": "2006-06-01 16:31:35", "fillingDate": "2006-06-01", "weightedAverageShsOutDil": 2114000000, "costAndExpenses": 19039000000, "ebitda": 2872000000, "ebitdaratio": 0.13382414612553004, "incomeBeforeTaxRatio": 0.11043287824425703, "incomeTaxExpense": 886000000, "totalOtherIncomeExpensesNet": 0.0, "grossProfit": 7228000000, "otherExpenses": 420000000, "incomeBeforeTax": 2370000000, "operatingExpenses": 4806000000, "generalAndAdministrativeExpenses": 4386000000, "netIncome": 1484000000, "symbol": "HD", "weightedAverageShsOut": 2114000000, "period": "Q1", "link": "https://www.sec.gov/Archives/edgar/data/354950/000110465906038852/0001104659-06-038852-index.htm", "date": "2006-04-30", "netIncomeRatio": 0.0691486883183449, "grossProfitRatio": 0.336796980569405, "interestExpense": 63000000, "eps": 0.7, "epsdiluted": 0.7, "depreciationAndAmortization": 450000000, "costOfRevenue": 14233000000, "operatingIncomeRatio": 0.11285587810446857, "operatingIncome": 2422000000}, {"finalLink": "https://www.sec.gov/Archives/edgar/data/354950/000104746906004211/a2168212z10-k.htm", "sellingAndMarketingExpenses": 0.0, "revenue": 19489000000, "researchAndDevelopmentExpenses": 0.0, "acceptedDate": "2006-03-29 17:08:36", "fillingDate": "2006-03-29", "weightedAverageShsOutDil": 2138000000, "costAndExpenses": 17441000000, "ebitda": 2457000000, "ebitdaratio": 0.12607111704038176, "incomeBeforeTaxRatio": 0.1036995228077377, "incomeTaxExpense": 736000000, "totalOtherIncomeExpensesNet": 0.0, "grossProfit": 6593000000, "otherExpenses": 422000000, "incomeBeforeTax": 2021000000, "operatingExpenses": 4545000000, "generalAndAdministrativeExpenses": 4123000000, "netIncome": 1285000000, "symbol": "HD", "weightedAverageShsOut": 2138000000, "period": "FY", "link": "https://www.sec.gov/Archives/edgar/data/354950/000104746906004211/0001047469-06-004211-index.htm", "date": "2006-01-29", "netIncomeRatio": 0.06593462979116424, "grossProfitRatio": 0.3382933962748217, "interestExpense": 35000000, "eps": 2.73, "epsdiluted": 2.73, "depreciationAndAmortization": 409000000, "costOfRevenue": 12896000000, "operatingIncomeRatio": 0.10508491969829134, "operatingIncome": 2048000000}, {"finalLink": "https://www.sec.gov/Archives/edgar/data/354950/000110465905058609/a05-20637_110q.htm", "sellingAndMarketingExpenses": 0.0, "revenue": 20744000000, "researchAndDevelopmentExpenses": 0.0, "acceptedDate": "2005-12-01 16:22:38", "fillingDate": "2005-12-01", "weightedAverageShsOutDil": 2145000000, "costAndExpenses": 18271000000, "ebitda": 2914000000, "ebitdaratio": 0.140474354030081, "incomeBeforeTaxRatio": 0.11820285383725415, "incomeTaxExpense": 914000000, "totalOtherIncomeExpensesNet": 0.0, "grossProfit": 6963000000, "otherExpenses": 366000000, "incomeBeforeTax": 2452000000, "operatingExpenses": 4490000000, "generalAndAdministrativeExpenses": 4124000000, "netIncome": 1538000000, "symbol": "HD", "weightedAverageShsOut": 2145000000, "period": "Q3", "link": "https://www.sec.gov/Archives/edgar/data/354950/000110465905058609/0001104659-05-058609-index.htm", "date": "2005-10-30", "netIncomeRatio": 0.0741419205553413, "grossProfitRatio": 0.3356633243347474, "interestExpense": 38000000, "eps": 2.12, "epsdiluted": 2.12, "depreciationAndAmortization": 441000000, "costOfRevenue": 13781000000, "operatingIncomeRatio": 0.11921519475510992, "operatingIncome": 2473000000}, {"finalLink": "https://www.sec.gov/Archives/edgar/data/354950/000110465905042535/a05-15064_110q.htm", "sellingAndMarketingExpenses": 0.0, "revenue": 22305000000, "researchAndDevelopmentExpenses": 0.0, "acceptedDate": "2005-09-01 16:09:33", "fillingDate": "2005-09-01", "weightedAverageShsOutDil": 2151000000, "costAndExpenses": 19462000000, "ebitda": 3224000000, "ebitdaratio": 0.14454158260479713, "incomeBeforeTaxRatio": 0.1265635507733692, "incomeTaxExpense": 1055000000, "totalOtherIncomeExpensesNet": 0.0, "grossProfit": 7409000000, "otherExpenses": 347000000, "incomeBeforeTax": 2823000000, "operatingExpenses": 4566000000, "generalAndAdministrativeExpenses": 4219000000, "netIncome": 1768000000, "symbol": "HD", "weightedAverageShsOut": 2151000000, "period": "Q2", "link": "https://www.sec.gov/Archives/edgar/data/354950/000110465905042535/0001104659-05-042535-index.htm", "date": "2005-07-31", "netIncomeRatio": 0.07926473884779198, "grossProfitRatio": 0.3321676754091011, "interestExpense": 43000000, "eps": 1.4, "epsdiluted": 1.4, "depreciationAndAmortization": 368000000, "costOfRevenue": 14896000000, "operatingIncomeRatio": 0.12804303967720243, "operatingIncome": 2856000000}, {"finalLink": "https://www.sec.gov/Archives/edgar/data/354950/000104746905009783/a2153171z10-k.htm", "sellingAndMarketingExpenses": 0.0, "revenue": 18973000000, "researchAndDevelopmentExpenses": 0.0, "acceptedDate": "2005-06-02 16:34:06", "fillingDate": "2005-06-02", "weightedAverageShsOutDil": 2162000000, "costAndExpenses": 16974000000, "ebitda": 2347000000, "ebitdaratio": 0.12370210298845728, "incomeBeforeTaxRatio": 0.10467506456543509, "incomeTaxExpense": 739000000, "totalOtherIncomeExpensesNet": 0.0, "grossProfit": 6355000000, "otherExpenses": 337000000, "incomeBeforeTax": 1986000000, "operatingExpenses": 4356000000, "generalAndAdministrativeExpenses": 4019000000, "netIncome": 1247000000, "symbol": "HD", "weightedAverageShsOut": 2162000000, "period": "Q1", "link": "https://www.sec.gov/Archives/edgar/data/354950/000104746905016339/0001047469-05-016339-index.htm", "date": "2005-05-01", "netIncomeRatio": 0.065724977599747, "grossProfitRatio": 0.33494966531386705, "interestExpense": 27000000, "eps": 0.58, "epsdiluted": 0.58, "depreciationAndAmortization": 361000000, "costOfRevenue": 12618000000, "operatingIncomeRatio": 0.10467506456543509, "operatingIncome": 1986000000}, {"finalLink": "https://www.sec.gov/Archives/edgar/data/354950/000104746905009783/a2153171z10-k.htm", "sellingAndMarketingExpenses": 11279000000, "revenue": 54322000000, "researchAndDevelopmentExpenses": 0.0, "acceptedDate": "2005-04-11 15:11:28", "fillingDate": "2005-04-11", "weightedAverageShsOutDil": 2207000000, "costAndExpenses": 48452000000, "ebitda": 6218000000, "ebitdaratio": 0.1144655940502927, "incomeBeforeTaxRatio": 0.1077279923419609, "incomeTaxExpense": 2168000000, "totalOtherIncomeExpensesNet": 0.0, "grossProfit": 18178000000, "otherExpenses": 0.0, "incomeBeforeTax": 5852000000, "operatingExpenses": 12308000000, "generalAndAdministrativeExpenses": 1029000000, "netIncome": 3684000000, "symbol": "HD", "weightedAverageShsOut": 2207000000, "period": "FY", "link": "https://www.sec.gov/Archives/edgar/data/354950/000104746905009783/0001047469-05-009783-index.htm", "date": "2005-01-30", "netIncomeRatio": 0.06781782703140532, "grossProfitRatio": 0.33463421818047934, "interestExpense": 52000000, "eps": 2.27, "epsdiluted": 2.27, "depreciationAndAmortization": 348000000, "costOfRevenue": 36144000000, "operatingIncomeRatio": 0.1080593498030264, "operatingIncome": 5870000000}, {"finalLink": "https://www.sec.gov/Archives/edgar/data/354950/000104746904035922/a2147677z10-q.htm", "sellingAndMarketingExpenses": 3826000000, "revenue": 18772000000, "researchAndDevelopmentExpenses": 0.0, "acceptedDate": "2004-12-02 15:17:48", "fillingDate": "2004-12-02", "weightedAverageShsOutDil": 2191000000, "costAndExpenses": 16716000000, "ebitda": 2391000000, "ebitdaratio": 0.12737055188578733, "incomeBeforeTaxRatio": 0.10973790752184104, "incomeTaxExpense": 743000000, "totalOtherIncomeExpensesNet": 0.0, "grossProfit": 6252000000, "otherExpenses": 0.0, "incomeBeforeTax": 2060000000, "operatingExpenses": 4196000000, "generalAndAdministrativeExpenses": 370000000, "netIncome": 1317000000, "symbol": "HD", "weightedAverageShsOut": 2191000000, "period": "Q3", "link": "https://www.sec.gov/Archives/edgar/data/354950/000104746904035922/0001047469-04-035922-index.htm", "date": "2004-10-31", "netIncomeRatio": 0.07015768165352652, "grossProfitRatio": 0.33304922224589817, "interestExpense": 18000000, "eps": 0.6, "epsdiluted": 0.6, "depreciationAndAmortization": 335000000, "costOfRevenue": 12520000000, "operatingIncomeRatio": 0.10952482420626465, "operatingIncome": 2056000000}, {"finalLink": "https://www.sec.gov/Archives/edgar/data/354950/000104746904027899/a2142954z10-q.htm", "sellingAndMarketingExpenses": 128000000, "revenue": 2410000000, "researchAndDevelopmentExpenses": 0.0, "acceptedDate": "2004-09-02 16:41:07", "fillingDate": "2004-09-02", "weightedAverageShsOutDil": 2207000000, "costAndExpenses": 1699000000, "ebitda": 1035000000, "ebitdaratio": 0.42946058091286304, "incomeBeforeTaxRatio": 0.2954356846473029, "incomeTaxExpense": 265000000, "totalOtherIncomeExpensesNet": 0.0, "grossProfit": 893000000, "otherExpenses": 0.0, "incomeBeforeTax": 712000000, "operatingExpenses": 182000000, "generalAndAdministrativeExpenses": 54000000, "netIncome": 447000000, "symbol": "HD", "weightedAverageShsOut": 2207000000, "period": "Q2", "link": "https://www.sec.gov/Archives/edgar/data/354950/000104746904027899/0001047469-04-027899-index.htm", "date": "2004-08-01", "netIncomeRatio": 0.18547717842323652, "grossProfitRatio": 0.37053941908713695, "interestExpense": 3000000.0, "eps": 0.7, "epsdiluted": 0.7, "depreciationAndAmortization": 324000000, "costOfRevenue": 1517000000, "operatingIncomeRatio": 0.2950207468879668, "operatingIncome": 711000000}, {"finalLink": "https://www.sec.gov/Archives/edgar/data/354950/000104746904011651/a2132560z10-k.htm", "sellingAndMarketingExpenses": 3726000000, "revenue": 17550000000, "researchAndDevelopmentExpenses": 0.0, "acceptedDate": "2004-06-04 16:26:36", "fillingDate": "2004-06-04", "weightedAverageShsOutDil": 2242000000, "costAndExpenses": 15804000000, "ebitda": 2058000000, "ebitdaratio": 0.11726495726495727, "incomeBeforeTaxRatio": 0.09925925925925926, "incomeTaxExpense": 644000000, "totalOtherIncomeExpensesNet": 0.0, "grossProfit": 5768000000, "otherExpenses": 0.0, "incomeBeforeTax": 1742000000, "operatingExpenses": 4022000000, "generalAndAdministrativeExpenses": 296000000, "netIncome": 1098000000, "symbol": "HD", "weightedAverageShsOut": 2242000000, "period": "Q1", "link": "https://www.sec.gov/Archives/edgar/data/354950/000104746904019410/0001047469-04-019410-index.htm", "date": "2004-05-02", "netIncomeRatio": 0.06256410256410257, "grossProfitRatio": 0.32866096866096867, "interestExpense": 14000000, "eps": 0.49, "epsdiluted": 0.49, "depreciationAndAmortization": 312000000, "costOfRevenue": 11782000000, "operatingIncomeRatio": 0.09948717948717949, "operatingIncome": 1746000000}, {"finalLink": "https://www.sec.gov/Archives/edgar/data/354950/000104746904011651/a2132560z10-k.htm", "sellingAndMarketingExpenses": 9430000000, "revenue": 48218000000, "researchAndDevelopmentExpenses": 0.0, "acceptedDate": "2004-04-12 16:22:26", "fillingDate": "2004-04-12", "weightedAverageShsOutDil": 2283000000, "costAndExpenses": 43195000000, "ebitda": 5313000000, "ebitdaratio": 0.11018706707038865, "incomeBeforeTaxRatio": 0.10411049815421627, "incomeTaxExpense": 1863000000, "totalOtherIncomeExpensesNet": 0.0, "grossProfit": 15387000000, "otherExpenses": 66000000, "incomeBeforeTax": 5020000000, "operatingExpenses": 10364000000, "generalAndAdministrativeExpenses": 868000000, "netIncome": 3157000000, "symbol": "HD", "weightedAverageShsOut": 2283000000, "period": "FY", "link": "https://www.sec.gov/Archives/edgar/data/354950/000104746904011651/0001047469-04-011651-index.htm", "date": "2004-02-01", "netIncomeRatio": 0.06547347463602804, "grossProfitRatio": 0.31911319424281387, "interestExpense": 48000000, "eps": 1.88, "epsdiluted": 1.88, "depreciationAndAmortization": 290000000, "costOfRevenue": 32831000000, "operatingIncomeRatio": 0.1041727155833921, "operatingIncome": 5023000000}, {"finalLink": "https://www.sec.gov/Archives/edgar/data/354950/000104746903039465/a2123930z10-q.htm", "sellingAndMarketingExpenses": 3072000000, "revenue": 16598000000, "researchAndDevelopmentExpenses": 0.0, "acceptedDate": "2003-12-04 16:30:14", "fillingDate": "2003-12-04", "weightedAverageShsOutDil": 2280000000, "costAndExpenses": 14775000000, "ebitda": 2104000000, "ebitdaratio": 0.12676226051331485, "incomeBeforeTaxRatio": 0.10983250994095674, "incomeTaxExpense": 676000000, "totalOtherIncomeExpensesNet": 0.0, "grossProfit": 5193000000, "otherExpenses": 20000000, "incomeBeforeTax": 1823000000, "operatingExpenses": 3370000000, "generalAndAdministrativeExpenses": 278000000, "netIncome": 1147000000, "symbol": "HD", "weightedAverageShsOut": 2280000000, "period": "Q3", "link": "https://www.sec.gov/Archives/edgar/data/354950/000104746903039465/0001047469-03-039465-index.htm", "date": "2003-11-02", "netIncomeRatio": 0.06910471141101338, "grossProfitRatio": 0.31286902036389924, "interestExpense": 14000000, "eps": 0.5, "epsdiluted": 0.5, "depreciationAndAmortization": 281000000, "costOfRevenue": 11405000000, "operatingIncomeRatio": 0.10983250994095674, "operatingIncome": 1823000000}, {"finalLink": "https://www.sec.gov/Archives/edgar/data/354950/000104746903029793/a2118107z10-q.htm", "sellingAndMarketingExpenses": 135000000, "revenue": 2885000000, "researchAndDevelopmentExpenses": 0.0, "acceptedDate": "2003-09-05 08:41:06", "fillingDate": "2003-09-05", "weightedAverageShsOutDil": 2295000000, "costAndExpenses": 2267000000, "ebitda": 875000000, "ebitdaratio": 0.30329289428076256, "incomeBeforeTaxRatio": 0.21594454072790295, "incomeTaxExpense": 231000000, "totalOtherIncomeExpensesNet": 0.0, "grossProfit": 776000000, "otherExpenses": 2000000.0, "incomeBeforeTax": 623000000, "operatingExpenses": 158000000, "generalAndAdministrativeExpenses": 21000000, "netIncome": 392000000, "symbol": "HD", "weightedAverageShsOut": 2295000000, "period": "Q2", "link": "https://www.sec.gov/Archives/edgar/data/354950/000104746903029793/0001047469-03-029793-index.htm", "date": "2003-08-03", "netIncomeRatio": 0.13587521663778163, "grossProfitRatio": 0.26897746967071057, "interestExpense": -2000000.0, "eps": 0.57, "epsdiluted": 0.57, "depreciationAndAmortization": 257000000, "costOfRevenue": 2109000000, "operatingIncomeRatio": 0.21421143847487, "operatingIncome": 618000000}, {"finalLink": "https://www.sec.gov/Archives/edgar/data/354950/000104746903020747/a2112366z10-q.htm", "sellingAndMarketingExpenses": 3095000000, "revenue": 15104000000, "researchAndDevelopmentExpenses": 0.0, "acceptedDate": "2003-06-06 17:08:54", "fillingDate": "2003-06-06", "weightedAverageShsOutDil": 2292000000, "costAndExpenses": 13656000000, "ebitda": 1696000000, "ebitdaratio": 0.11228813559322035, "incomeBeforeTaxRatio": 0.09547139830508475, "incomeTaxExpense": 535000000, "totalOtherIncomeExpensesNet": 0.0, "grossProfit": 4829000000, "otherExpenses": 15000000, "incomeBeforeTax": 1442000000, "operatingExpenses": 3381000000, "generalAndAdministrativeExpenses": 271000000, "netIncome": 907000000, "symbol": "HD", "weightedAverageShsOut": 2292000000, "period": "Q1", "link": "https://www.sec.gov/Archives/edgar/data/354950/000104746903020747/0001047469-03-020747-index.htm", "date": "2003-05-04", "netIncomeRatio": 0.06005031779661017, "grossProfitRatio": 0.3197166313559322, "interestExpense": 18000000, "eps": 0.4, "epsdiluted": 0.4, "depreciationAndAmortization": 248000000, "costOfRevenue": 10275000000, "operatingIncomeRatio": 0.0958686440677966, "operatingIncome": 1448000000}, {"finalLink": "https://www.sec.gov/Archives/edgar/data/354950/000110465902006906/j6139_10q.htm", "sellingAndMarketingExpenses": 2813000000, "revenue": 14475000000, "researchAndDevelopmentExpenses": 0.0, "acceptedDate": "2002-12-05 17:12:30", "fillingDate": "2002-12-05", "weightedAverageShsOutDil": 2347000000, "costAndExpenses": 12979000000, "ebitda": 1727000000, "ebitdaratio": 0.1193091537132988, "incomeBeforeTaxRatio": 0.10411053540587219, "incomeTaxExpense": 0.0, "totalOtherIncomeExpensesNet": 0.0, "grossProfit": 4580000000, "otherExpenses": 19000000, "incomeBeforeTax": 1507000000, "operatingExpenses": 3084000000, "generalAndAdministrativeExpenses": 252000000, "netIncome": 1507000000, "symbol": "HD", "weightedAverageShsOut": 2347000000, "period": "Q3", "link": "https://www.sec.gov/Archives/edgar/data/354950/000110465902006906/0001104659-02-006906-index.htm", "date": "2002-11-03", "netIncomeRatio": 0.10411053540587219, "grossProfitRatio": 0.3164075993091537, "interestExpense": 10000000, "eps": 1.27, "epsdiluted": 1.27, "depreciationAndAmortization": 231000000, "costOfRevenue": 9895000000, "operatingIncomeRatio": 0.10335060449050086, "operatingIncome": 1496000000}, {"finalLink": "https://www.sec.gov/Archives/edgar/data/354950/000110465902004392/j4763_10q.htm", "sellingAndMarketingExpenses": 2810000000, "revenue": 16277000000, "researchAndDevelopmentExpenses": 0.0, "acceptedDate": "2002-08-26 16:35:48", "fillingDate": "2002-08-26", "weightedAverageShsOutDil": 2352000000, "costAndExpenses": 14400000000, "ebitda": 2102000000, "ebitdaratio": 0.12913927627941266, "incomeBeforeTaxRatio": 0.11636050869324814, "incomeTaxExpense": 0.0, "totalOtherIncomeExpensesNet": 0.0, "grossProfit": 4946000000, "otherExpenses": 23000000, "incomeBeforeTax": 1894000000, "operatingExpenses": 3069000000, "generalAndAdministrativeExpenses": 236000000, "netIncome": 1894000000, "symbol": "HD", "weightedAverageShsOut": 2352000000, "period": "Q2", "link": "https://www.sec.gov/Archives/edgar/data/354950/000110465902004392/0001104659-02-004392-index.htm", "date": "2002-08-04", "netIncomeRatio": 0.11636050869324814, "grossProfitRatio": 0.30386434846716226, "interestExpense": 8000000.0, "eps": 0.87, "epsdiluted": 0.87, "depreciationAndAmortization": 225000000, "costOfRevenue": 11331000000, "operatingIncomeRatio": 0.1153160901886097, "operatingIncome": 1877000000}, {"finalLink": "https://www.sec.gov/Archives/edgar/data/354950/000110465902002735/j4035_10q.htm", "sellingAndMarketingExpenses": 2745000000, "revenue": 14282000000, "researchAndDevelopmentExpenses": 0.0, "acceptedDate": "2002-06-04 10:54:12", "fillingDate": "2002-06-04", "weightedAverageShsOutDil": 2349000000, "costAndExpenses": 12920000000, "ebitda": 1571000000, "ebitdaratio": 0.10999859963590533, "incomeBeforeTaxRatio": 0.09606497689399243, "incomeTaxExpense": 0.0, "totalOtherIncomeExpensesNet": 0.0, "grossProfit": 4360000000, "otherExpenses": 25000000, "incomeBeforeTax": 1372000000, "operatingExpenses": 2998000000, "generalAndAdministrativeExpenses": 228000000, "netIncome": 1372000000, "symbol": "HD", "weightedAverageShsOut": 2349000000, "period": "Q1", "link": "https://www.sec.gov/Archives/edgar/data/354950/000110465902002735/0001104659-02-002735-index.htm", "date": "2002-05-05", "netIncomeRatio": 0.09606497689399243, "grossProfitRatio": 0.3052793726368856, "interestExpense": 7000000.0, "eps": 0.36, "epsdiluted": 0.36, "depreciationAndAmortization": 209000000, "costOfRevenue": 9922000000, "operatingIncomeRatio": 0.09536479484666013, "operatingIncome": 1362000000}, {"finalLink": "https://www.sec.gov/Archives/edgar/data/354950/000110465901503561/j2488_10q.htm", "sellingAndMarketingExpenses": 2495000000, "revenue": 13289000000, "researchAndDevelopmentExpenses": 0.0, "acceptedDate": "2001-11-28 00:00:00", "fillingDate": "2001-11-28", "weightedAverageShsOutDil": 2332000000, "costAndExpenses": 12032000000, "ebitda": 1455000000, "ebitdaratio": 0.10948905109489052, "incomeBeforeTaxRatio": 0.09534201219053352, "incomeTaxExpense": 0.0, "totalOtherIncomeExpensesNet": 0.0, "grossProfit": 4010000000, "otherExpenses": 28000000, "incomeBeforeTax": 1267000000, "operatingExpenses": 2753000000, "generalAndAdministrativeExpenses": 230000000, "netIncome": 1267000000, "symbol": "HD", "weightedAverageShsOut": 2332000000, "period": "Q3", "link": "https://www.sec.gov/Archives/edgar/data/354950/000110465901503561/0001104659-01-503561-index.htm", "date": "2001-10-28", "netIncomeRatio": 0.09534201219053352, "grossProfitRatio": 0.30175332982165703, "interestExpense": 7000000.0, "eps": 1.0, "epsdiluted": 1.0, "depreciationAndAmortization": 198000000, "costOfRevenue": 9279000000, "operatingIncomeRatio": 0.09458951012115284, "operatingIncome": 1257000000}, {"finalLink": "https://www.sec.gov/Archives/edgar/data/354950/000110465901502091/j1043_10q.htm", "sellingAndMarketingExpenses": 2809000000, "revenue": 15231000000, "researchAndDevelopmentExpenses": 0.0, "acceptedDate": "2001-08-27 00:00:00", "fillingDate": "2001-08-27", "weightedAverageShsOutDil": 2330000000, "costAndExpenses": 13762000000, "ebitda": 1398000000, "ebitdaratio": 0.09178648808351389, "incomeBeforeTaxRatio": 0.09664500032827786, "incomeTaxExpense": 0.0, "totalOtherIncomeExpensesNet": 0.0, "grossProfit": 4531000000, "otherExpenses": 20000000, "incomeBeforeTax": 1472000000, "operatingExpenses": 3062000000, "generalAndAdministrativeExpenses": 233000000, "netIncome": 1472000000, "symbol": "HD", "weightedAverageShsOut": 2330000000, "period": "Q2", "link": "https://www.sec.gov/Archives/edgar/data/354950/000110465901502091/0001104659-01-502091-index.htm", "date": "2001-07-29", "netIncomeRatio": 0.09664500032827786, "grossProfitRatio": 0.29748539163548027, "interestExpense": 6000000.0, "eps": 0.67, "epsdiluted": 0.67, "depreciationAndAmortization": -71000000, "costOfRevenue": 10700000000, "operatingIncomeRatio": 0.09644803361565228, "operatingIncome": 1469000000}, {"finalLink": "https://www.sec.gov/Archives/edgar/data/354950/000091205700051248/a2031750z10-q.htm", "sellingAndMarketingExpenses": 2154000000, "revenue": 11545000000, "researchAndDevelopmentExpenses": 0.0, "acceptedDate": "2000-11-22 00:00:00", "fillingDate": "2000-11-22", "weightedAverageShsOutDil": 2317000000, "costAndExpenses": 10491000000, "ebitda": 1208000000, "ebitdaratio": 0.10463404071026418, "incomeBeforeTaxRatio": 0.09198787353832828, "incomeTaxExpense": 0.0, "totalOtherIncomeExpensesNet": 0.0, "grossProfit": 3450000000, "otherExpenses": 39000000, "incomeBeforeTax": 1062000000, "operatingExpenses": 2396000000, "generalAndAdministrativeExpenses": 203000000, "netIncome": 1062000000, "symbol": "HD", "weightedAverageShsOut": 2317000000, "period": "", "link": "https://www.sec.gov/Archives/edgar/data/354950/000091205700051248/0000912057-00-051248-index.htm", "date": "2000-10-30", "netIncomeRatio": 0.09198787353832828, "grossProfitRatio": 0.2988306626245128, "interestExpense": 5000000.0, "eps": 0.28, "epsdiluted": 0.28, "depreciationAndAmortization": 154000000, "costOfRevenue": 8095000000, "operatingIncomeRatio": 0.09129493287137289, "operatingIncome": 1054000000}]