[{"finalLink": "https://www.sec.gov/Archives/edgar/data/320193/000032019320000052/a10-qq220203282020.htm", "sellingAndMarketingExpenses": 0.0, "revenue": 58313000000, "researchAndDevelopmentExpenses": 4565000000, "acceptedDate": "2020-04-30 18:03:10", "fillingDate": "2020-05-01", "weightedAverageShsOutDil": 4429648000, "costAndExpenses": 45460000000, "ebitda": 15639000000, "ebitdaratio": 0.268190626447, "incomeBeforeTaxRatio": 0.225249944266, "incomeTaxExpense": 1886000000, "totalOtherIncomeExpensesNet": 282000000, "grossProfit": 22370000000, "otherExpenses": 282000000, "incomeBeforeTax": 13135000000, "operatingExpenses": 9517000000, "generalAndAdministrativeExpenses": 4952000000, "netIncome": 11249000000, "symbol": "AAPL", "weightedAverageShsOut": 4387570000, "period": "Q2", "link": "https://www.sec.gov/Archives/edgar/data/320193/000032019320000052/0000320193-20-000052-index.htm", "date": "2020-03-28", "netIncomeRatio": 0.192907241953, "grossProfitRatio": 0.3836194330595236, "interestExpense": 757000000, "eps": 2.59, "epsdiluted": 2.57, "depreciationAndAmortization": 2786000000, "costOfRevenue": 35943000000, "operatingIncomeRatio": 0.220413972871, "operatingIncome": 12853000000}, {"finalLink": "https://www.sec.gov/Archives/edgar/data/320193/000032019320000010/a10-qq1202012282019.htm", "sellingAndMarketingExpenses": 0.0, "revenue": 91819000000, "researchAndDevelopmentExpenses": 4451000000, "acceptedDate": "2020-01-28 18:02:44", "fillingDate": "2020-01-29", "weightedAverageShsOutDil": 4454604000, "costAndExpenses": 66250000000, "ebitda": 28385000000, "ebitdaratio": 0.309140809636, "incomeBeforeTaxRatio": 0.282272732223, "incomeTaxExpense": 3682000000, "totalOtherIncomeExpensesNet": 349000000, "grossProfit": 35217000000, "otherExpenses": 349000000, "incomeBeforeTax": 25918000000, "operatingExpenses": 9648000000, "generalAndAdministrativeExpenses": 5197000000, "netIncome": 22236000000, "symbol": "AAPL", "weightedAverageShsOut": 4415040000, "period": "Q1", "link": "https://www.sec.gov/Archives/edgar/data/320193/000032019320000010/0000320193-20-000010-index.htm", "date": "2019-12-28", "netIncomeRatio": 0.242172099457, "grossProfitRatio": 0.38354806739345887, "interestExpense": 785000000, "eps": 5.04, "epsdiluted": 4.99, "depreciationAndAmortization": 2816000000, "costOfRevenue": 56602000000, "operatingIncomeRatio": 0.278471775994, "operatingIncome": 25569000000}, {"finalLink": "https://www.sec.gov/Archives/edgar/data/320193/000032019319000119/a10-k20199282019.htm", "sellingAndMarketingExpenses": 0.0, "revenue": 64040000000, "researchAndDevelopmentExpenses": 4110000000, "acceptedDate": "2019-10-30 18:12:36", "fillingDate": "2019-10-31", "weightedAverageShsOutDil": 4648913000, "costAndExpenses": 48415000000, "ebitda": 18804000000, "ebitdaratio": 0.293628981886, "incomeBeforeTaxRatio": 0.251826983136, "incomeTaxExpense": 2441000000, "totalOtherIncomeExpensesNet": 502000000, "grossProfit": 24313000000, "otherExpenses": 502000000, "incomeBeforeTax": 16127000000, "operatingExpenses": 8688000000, "generalAndAdministrativeExpenses": 4578000000, "netIncome": 13686000000, "symbol": "AAPL", "weightedAverageShsOut": 4617834000, "period": "FY", "link": "https://www.sec.gov/Archives/edgar/data/320193/000032019319000119/0000320193-19-000119-index.htm", "date": "2019-09-28", "netIncomeRatio": 0.213710181137, "grossProfitRatio": 0.3796533416614616, "interestExpense": 810000000, "eps": 3.05, "epsdiluted": 3.03, "depreciationAndAmortization": 3179000000, "costOfRevenue": 39727000000, "operatingIncomeRatio": 0.243988132417, "operatingIncome": 15625000000}, {"finalLink": "https://www.sec.gov/Archives/edgar/data/320193/000032019319000076/a10-qq320196292019.htm", "sellingAndMarketingExpenses": 0.0, "revenue": 53809000000, "researchAndDevelopmentExpenses": 4257000000, "acceptedDate": "2019-07-31 16:31:53", "fillingDate": "2019-07-31", "weightedAverageShsOutDil": 4691759000, "costAndExpenses": 42265000000, "ebitda": 14477000000, "ebitdaratio": 0.269044211935, "incomeBeforeTaxRatio": 0.22135702206, "incomeTaxExpense": 1867000000, "totalOtherIncomeExpensesNet": 367000000, "grossProfit": 20227000000, "otherExpenses": 367000000, "incomeBeforeTax": 11911000000, "operatingExpenses": 8683000000, "generalAndAdministrativeExpenses": 4426000000, "netIncome": 10044000000, "symbol": "AAPL", "weightedAverageShsOut": 4660175000, "period": "Q3", "link": "https://www.sec.gov/Archives/edgar/data/320193/000032019319000076/0000320193-19-000076-index.htm", "date": "2019-06-29", "netIncomeRatio": 0.186660224126, "grossProfitRatio": 0.37590365923916075, "interestExpense": 866000000, "eps": 2.22, "epsdiluted": 2.2, "depreciationAndAmortization": 2933000000, "costOfRevenue": 33582000000, "operatingIncomeRatio": 0.214536601684, "operatingIncome": 11544000000}, {"finalLink": "https://www.sec.gov/Archives/edgar/data/320193/000032019319000066/a10-qq220193302019.htm", "sellingAndMarketingExpenses": 0.0, "revenue": 58015000000, "researchAndDevelopmentExpenses": 3948000000, "acceptedDate": "2019-05-01 16:32:00", "fillingDate": "2019-05-01", "weightedAverageShsOutDil": 4736949000, "costAndExpenses": 44600000000, "ebitda": 16455000000, "ebitdaratio": 0.283633543049, "incomeBeforeTaxRatio": 0.237748858054, "incomeTaxExpense": 2232000000, "totalOtherIncomeExpensesNet": 378000000, "grossProfit": 21821000000, "otherExpenses": 378000000, "incomeBeforeTax": 13793000000, "operatingExpenses": 8406000000, "generalAndAdministrativeExpenses": 4458000000, "netIncome": 11561000000, "symbol": "AAPL", "weightedAverageShsOut": 4704945000, "period": "Q2", "link": "https://www.sec.gov/Archives/edgar/data/320193/000032019319000066/0000320193-19-000066-index.htm", "date": "2019-03-30", "netIncomeRatio": 0.199276049298, "grossProfitRatio": 0.37612686374213566, "interestExpense": 1010000000, "eps": 2.48, "epsdiluted": 2.48, "depreciationAndAmortization": 3040000000, "costOfRevenue": 36194000000, "operatingIncomeRatio": 0.231233301732, "operatingIncome": 13415000000}, {"finalLink": "https://www.sec.gov/Archives/edgar/data/320193/000032019319000010/a10-qq1201912292018.htm", "sellingAndMarketingExpenses": 0.0, "revenue": 84310000000, "researchAndDevelopmentExpenses": 3902000000, "acceptedDate": "2019-01-30 16:31:37", "fillingDate": "2019-01-30", "weightedAverageShsOutDil": 4773252000, "costAndExpenses": 60964000000, "ebitda": 26741000000, "ebitdaratio": 0.317174712371, "incomeBeforeTaxRatio": 0.283548807971, "incomeTaxExpense": 3941000000, "totalOtherIncomeExpensesNet": 560000000, "grossProfit": 32031000000, "otherExpenses": 560000000, "incomeBeforeTax": 23906000000, "operatingExpenses": 8685000000, "generalAndAdministrativeExpenses": 4783000000, "netIncome": 19965000000, "symbol": "AAPL", "weightedAverageShsOut": 4735820000, "period": "Q1", "link": "https://www.sec.gov/Archives/edgar/data/320193/000032019319000010/0000320193-19-000010-index.htm", "date": "2018-12-29", "netIncomeRatio": 0.236804649508, "grossProfitRatio": 0.3799193452733958, "interestExpense": 890000000, "eps": 4.22, "epsdiluted": 4.18, "depreciationAndAmortization": 3395000000, "costOfRevenue": 52279000000, "operatingIncomeRatio": 0.276906654015, "operatingIncome": 23346000000}, {"finalLink": "https://www.sec.gov/Archives/edgar/data/320193/000032019318000145/a10-k20189292018.htm", "sellingAndMarketingExpenses": 0.0, "revenue": 62900000000, "researchAndDevelopmentExpenses": 3750000000, "acceptedDate": "2018-11-05 08:01:40", "fillingDate": "2018-11-05", "weightedAverageShsOutDil": 5000109000, "costAndExpenses": 46782000000, "ebitda": 18872000000, "ebitdaratio": 0.300031796502, "incomeBeforeTaxRatio": 0.26106518283, "incomeTaxExpense": 2296000000, "totalOtherIncomeExpensesNet": 303000000, "grossProfit": 24084000000, "otherExpenses": -1702000000, "incomeBeforeTax": 16421000000, "operatingExpenses": 7966000000, "generalAndAdministrativeExpenses": 4216000000, "netIncome": 14125000000, "symbol": "AAPL", "weightedAverageShsOut": 4955377000, "period": "FY", "link": "https://www.sec.gov/Archives/edgar/data/320193/000032019318000145/0000320193-18-000145-index.htm", "date": "2018-09-29", "netIncomeRatio": 0.224562798092, "grossProfitRatio": 0.38289348171701115, "interestExpense": 868000000, "eps": 2.94, "epsdiluted": 2.92, "depreciationAndAmortization": 2754000000, "costOfRevenue": 38816000000, "operatingIncomeRatio": 0.256248012719, "operatingIncome": 16118000000}, {"finalLink": "https://www.sec.gov/Archives/edgar/data/320193/000032019318000100/a10-qq320186302018.htm", "sellingAndMarketingExpenses": 0.0, "revenue": 53265000000, "researchAndDevelopmentExpenses": 3701000000, "acceptedDate": "2018-08-01 16:31:48", "fillingDate": "2018-08-01", "weightedAverageShsOutDil": 5050963000, "costAndExpenses": 40653000000, "ebitda": 15277000000, "ebitdaratio": 0.286811226884, "incomeBeforeTaxRatio": 0.24939453675, "incomeTaxExpense": 1765000000, "totalOtherIncomeExpensesNet": 672000000, "grossProfit": 20421000000, "otherExpenses": 672000000, "incomeBeforeTax": 13284000000, "operatingExpenses": 7809000000, "generalAndAdministrativeExpenses": 4108000000, "netIncome": 11519000000, "symbol": "AAPL", "weightedAverageShsOut": 5006640000, "period": "Q3", "link": "https://www.sec.gov/Archives/edgar/data/320193/000032019318000100/0000320193-18-000100-index.htm", "date": "2018-06-30", "netIncomeRatio": 0.216258330987, "grossProfitRatio": 0.38338496198254013, "interestExpense": 846000000, "eps": 2.38, "epsdiluted": 2.36, "depreciationAndAmortization": 2665000000, "costOfRevenue": 32844000000, "operatingIncomeRatio": 0.236778372289, "operatingIncome": 12612000000}, {"finalLink": "https://www.sec.gov/Archives/edgar/data/320193/000032019318000070/a10-qq220183312018.htm", "sellingAndMarketingExpenses": 0.0, "revenue": 61137000000, "researchAndDevelopmentExpenses": 3378000000, "acceptedDate": "2018-05-02 16:32:12", "fillingDate": "2018-05-02", "weightedAverageShsOutDil": 5113140000, "costAndExpenses": 45243000000, "ebitda": 18633000000, "ebitdaratio": 0.304774522793, "incomeBeforeTaxRatio": 0.264455239871, "incomeTaxExpense": 2346000000, "totalOtherIncomeExpensesNet": 274000000, "grossProfit": 23422000000, "otherExpenses": 274000000, "incomeBeforeTax": 16168000000, "operatingExpenses": 7528000000, "generalAndAdministrativeExpenses": 4150000000, "netIncome": 13822000000, "symbol": "AAPL", "weightedAverageShsOut": 5068877000, "period": "Q2", "link": "https://www.sec.gov/Archives/edgar/data/320193/000032019318000070/0000320193-18-000070-index.htm", "date": "2018-03-31", "netIncomeRatio": 0.22608240509, "grossProfitRatio": 0.38310679294044525, "interestExpense": 792000000, "eps": 2.77, "epsdiluted": 2.74, "depreciationAndAmortization": 2739000000, "costOfRevenue": 37715000000, "operatingIncomeRatio": 0.259973502135, "operatingIncome": 15894000000}, {"finalLink": "https://www.sec.gov/Archives/edgar/data/320193/000032019318000007/a10-qq1201812302017.htm", "sellingAndMarketingExpenses": 0.0, "revenue": 88293000000, "researchAndDevelopmentExpenses": 3407000000, "acceptedDate": "2018-02-02 08:01:26", "fillingDate": "2018-02-02", "weightedAverageShsOutDil": 5157787000, "costAndExpenses": 62019000000, "ebitda": 29019000000, "ebitdaratio": 0.328667051748, "incomeBeforeTaxRatio": 0.306139784581, "incomeTaxExpense": 6965000000, "totalOtherIncomeExpensesNet": 756000000, "grossProfit": 33912000000, "otherExpenses": 756000000, "incomeBeforeTax": 27030000000, "operatingExpenses": 7638000000, "generalAndAdministrativeExpenses": 4231000000, "netIncome": 20065000000, "symbol": "AAPL", "weightedAverageShsOut": 5112877000, "period": "Q1", "link": "https://www.sec.gov/Archives/edgar/data/320193/000032019318000007/0000320193-18-000007-index.htm", "date": "2017-12-30", "netIncomeRatio": 0.227254708754, "grossProfitRatio": 0.384084808535218, "interestExpense": 734000000, "eps": 3.92, "epsdiluted": 3.89, "depreciationAndAmortization": 2745000000, "costOfRevenue": 54381000000, "operatingIncomeRatio": 0.297577384391, "operatingIncome": 26274000000}, {"finalLink": "https://www.sec.gov/Archives/edgar/data/320193/000032019317000070/a10-k20179302017.htm", "sellingAndMarketingExpenses": 0.0, "revenue": 52579000000, "researchAndDevelopmentExpenses": 2997000000, "acceptedDate": "2017-11-03 08:01:37", "fillingDate": "2017-11-03", "weightedAverageShsOutDil": 5251692000, "costAndExpenses": 39459000000, "ebitda": 15604000000, "ebitdaratio": 0.296772475703, "incomeBeforeTaxRatio": 0.264687422735, "incomeTaxExpense": 3203000000, "totalOtherIncomeExpensesNet": 797000000, "grossProfit": 19931000000, "otherExpenses": 797000000, "incomeBeforeTax": 13917000000, "operatingExpenses": 6811000000, "generalAndAdministrativeExpenses": 3814000000, "netIncome": 10714000000, "symbol": "AAPL", "weightedAverageShsOut": 5217242000, "period": "FY", "link": "https://www.sec.gov/Archives/edgar/data/320193/000032019317000070/0000320193-17-000070-index.htm", "date": "2017-09-30", "netIncomeRatio": 0.203769565796, "grossProfitRatio": 0.3790676886209323, "interestExpense": 666000000, "eps": 2.09, "epsdiluted": 2.07, "depreciationAndAmortization": 2484000000, "costOfRevenue": 32648000000, "operatingIncomeRatio": 0.24952927975, "operatingIncome": 13120000000}, {"finalLink": "https://www.sec.gov/Archives/edgar/data/320193/000032019317000009/a10-qq32017712017.htm", "sellingAndMarketingExpenses": 0.0, "revenue": 45408000000, "researchAndDevelopmentExpenses": 2937000000, "acceptedDate": "2017-08-02 16:31:28", "fillingDate": "2017-08-02", "weightedAverageShsOutDil": 5274394000, "costAndExpenses": 34640000000, "ebitda": 13122000000, "ebitdaratio": 0.288979915433, "incomeBeforeTaxRatio": 0.249031007752, "incomeTaxExpense": 2591000000, "totalOtherIncomeExpensesNet": 540000000, "grossProfit": 17488000000, "otherExpenses": 540000000, "incomeBeforeTax": 11308000000, "operatingExpenses": 6720000000, "generalAndAdministrativeExpenses": 3783000000, "netIncome": 8717000000, "symbol": "AAPL", "weightedAverageShsOut": 5239847000, "period": "Q3", "link": "https://www.sec.gov/Archives/edgar/data/320193/000032019317000009/0000320193-17-000009-index.htm", "date": "2017-07-01", "netIncomeRatio": 0.191970577872, "grossProfitRatio": 0.38513037350246654, "interestExpense": 602000000, "eps": 1.68, "epsdiluted": 1.68, "depreciationAndAmortization": 2354000000, "costOfRevenue": 27920000000, "operatingIncomeRatio": 0.237138830162, "operatingIncome": 10768000000}, {"finalLink": "https://www.sec.gov/Archives/edgar/data/320193/000162828017004790/a10-qq22017412017.htm", "sellingAndMarketingExpenses": 0.0, "revenue": 52896000000, "researchAndDevelopmentExpenses": 2776000000, "acceptedDate": "2017-05-03 16:32:23", "fillingDate": "2017-05-03", "weightedAverageShsOutDil": 5294841000, "costAndExpenses": 38799000000, "ebitda": 16429000000, "ebitdaratio": 0.310590592861, "incomeBeforeTaxRatio": 0.277601330913, "incomeTaxExpense": 3655000000, "totalOtherIncomeExpensesNet": 587000000, "grossProfit": 20591000000, "otherExpenses": 587000000, "incomeBeforeTax": 14684000000, "operatingExpenses": 6494000000, "generalAndAdministrativeExpenses": 3718000000, "netIncome": 11029000000, "symbol": "AAPL", "weightedAverageShsOut": 5262226000, "period": "Q2", "link": "https://www.sec.gov/Archives/edgar/data/320193/000162828017004790/0001628280-17-004790-index.htm", "date": "2017-04-01", "netIncomeRatio": 0.208503478524, "grossProfitRatio": 0.38927329098608593, "interestExpense": 530000000, "eps": 2.12, "epsdiluted": 2.1, "depreciationAndAmortization": 2332000000, "costOfRevenue": 32305000000, "operatingIncomeRatio": 0.266504083485, "operatingIncome": 14097000000}, {"finalLink": "https://www.sec.gov/Archives/edgar/data/320193/000162828017000717/a10-qq1201712312016.htm", "sellingAndMarketingExpenses": 0.0, "revenue": 78351000000, "researchAndDevelopmentExpenses": 2871000000, "acceptedDate": "2017-02-01 16:33:29", "fillingDate": "2017-02-01", "weightedAverageShsOutDil": 5327995000, "costAndExpenses": 54992000000, "ebitda": 26346000000, "ebitdaratio": 0.336256078416, "incomeBeforeTaxRatio": 0.308611249378, "incomeTaxExpense": 6289000000, "totalOtherIncomeExpensesNet": 821000000, "grossProfit": 30176000000, "otherExpenses": 821000000, "incomeBeforeTax": 24180000000, "operatingExpenses": 6817000000, "generalAndAdministrativeExpenses": 3946000000, "netIncome": 17891000000, "symbol": "AAPL", "weightedAverageShsOut": 5298661000, "period": "Q1", "link": "https://www.sec.gov/Archives/edgar/data/320193/000162828017000717/0001628280-17-000717-index.htm", "date": "2016-12-31", "netIncomeRatio": 0.228344245766, "grossProfitRatio": 0.38513867085295656, "interestExpense": 525000000, "eps": 3.38, "epsdiluted": 3.36, "depreciationAndAmortization": 2987000000, "costOfRevenue": 48175000000, "operatingIncomeRatio": 0.298132761547, "operatingIncome": 23359000000}, {"finalLink": "https://www.sec.gov/Archives/edgar/data/320193/000162828016020309/a201610-k9242016.htm", "sellingAndMarketingExpenses": 0.0, "revenue": 46852000000, "researchAndDevelopmentExpenses": 2570000000, "acceptedDate": "2016-10-26 16:42:16", "fillingDate": "2016-10-26", "weightedAverageShsOutDil": 5500281000, "costAndExpenses": 35091000000, "ebitda": 14309000000, "ebitdaratio": 0.305408520447, "incomeBeforeTaxRatio": 0.260138307863, "incomeTaxExpense": 3174000000, "totalOtherIncomeExpensesNet": 427000000, "grossProfit": 17813000000, "otherExpenses": 427000000, "incomeBeforeTax": 12188000000, "operatingExpenses": 6052000000, "generalAndAdministrativeExpenses": 3482000000, "netIncome": 9014000000, "symbol": "AAPL", "weightedAverageShsOut": 5470820000, "period": "FY", "link": "https://www.sec.gov/Archives/edgar/data/320193/000162828016020309/0001628280-16-020309-index.htm", "date": "2016-09-24", "netIncomeRatio": 0.192393067532, "grossProfitRatio": 0.380197216767694, "interestExpense": 450000000, "eps": 1.69, "epsdiluted": 1.69, "depreciationAndAmortization": 2548000000, "costOfRevenue": 29039000000, "operatingIncomeRatio": 0.251024502689, "operatingIncome": 11761000000}, {"finalLink": "https://www.sec.gov/Archives/edgar/data/320193/000162828016017809/a10-qq320166252016.htm", "sellingAndMarketingExpenses": 0.0, "revenue": 42358000000, "researchAndDevelopmentExpenses": 2560000000, "acceptedDate": "2016-07-27 16:32:36", "fillingDate": "2016-07-27", "weightedAverageShsOutDil": 5535931000, "costAndExpenses": 32253000000, "ebitda": 12631000000, "ebitdaratio": 0.29819632655, "incomeBeforeTaxRatio": 0.247155200907, "incomeTaxExpense": 2673000000, "totalOtherIncomeExpensesNet": 364000000, "grossProfit": 16106000000, "otherExpenses": 364000000, "incomeBeforeTax": 10469000000, "operatingExpenses": 6001000000, "generalAndAdministrativeExpenses": 3441000000, "netIncome": 7796000000, "symbol": "AAPL", "weightedAverageShsOut": 5505456000, "period": "Q3", "link": "https://www.sec.gov/Archives/edgar/data/320193/000162828016017809/0001628280-16-017809-index.htm", "date": "2016-06-25", "netIncomeRatio": 0.184050238444, "grossProfitRatio": 0.38023513858066954, "interestExpense": 409000000, "eps": 1.44, "epsdiluted": 1.43, "depreciationAndAmortization": 2526000000, "costOfRevenue": 26252000000, "operatingIncomeRatio": 0.238561782898, "operatingIncome": 10105000000}, {"finalLink": "https://www.sec.gov/Archives/edgar/data/320193/000119312516559625/d165350d10q.htm", "sellingAndMarketingExpenses": 0.0, "revenue": 50557000000, "researchAndDevelopmentExpenses": 2511000000, "acceptedDate": "2016-04-27 16:32:53", "fillingDate": "2016-04-27", "weightedAverageShsOutDil": 5567506000, "costAndExpenses": 36570000000, "ebitda": 16464000000, "ebitdaratio": 0.325652234112, "incomeBeforeTaxRatio": 0.279723876021, "incomeTaxExpense": 3626000000, "totalOtherIncomeExpensesNet": 155000000, "grossProfit": 19921000000, "otherExpenses": 155000000, "incomeBeforeTax": 14142000000, "operatingExpenses": 5934000000, "generalAndAdministrativeExpenses": 3423000000, "netIncome": 10516000000, "symbol": "AAPL", "weightedAverageShsOut": 5536656000, "period": "Q2", "link": "https://www.sec.gov/Archives/edgar/data/320193/000119312516559625/0001193125-16-559625-index.htm", "date": "2016-03-26", "netIncomeRatio": 0.20800284827, "grossProfitRatio": 0.39403050022746605, "interestExpense": 321000000, "eps": 1.92, "epsdiluted": 1.91, "depreciationAndAmortization": 2477000000, "costOfRevenue": 30636000000, "operatingIncomeRatio": 0.276658029551, "operatingIncome": 13987000000}, {"finalLink": "https://www.sec.gov/Archives/edgar/data/320193/000119312516439878/d66145d10q.htm", "sellingAndMarketingExpenses": 0.0, "revenue": 75872000000, "researchAndDevelopmentExpenses": 2404000000, "acceptedDate": "2016-01-27 16:32:03", "fillingDate": "2016-01-27", "weightedAverageShsOutDil": 5594127000, "costAndExpenses": 51701000000, "ebitda": 27125000000, "ebitdaratio": 0.357510016871, "incomeBeforeTaxRatio": 0.323874420076, "incomeTaxExpense": 6212000000, "totalOtherIncomeExpensesNet": 402000000, "grossProfit": 30423000000, "otherExpenses": 402000000, "incomeBeforeTax": 24573000000, "operatingExpenses": 6252000000, "generalAndAdministrativeExpenses": 3848000000, "netIncome": 18361000000, "symbol": "AAPL", "weightedAverageShsOut": 5558930000, "period": "Q1", "link": "https://www.sec.gov/Archives/edgar/data/320193/000119312516439878/0001193125-16-439878-index.htm", "date": "2015-12-26", "netIncomeRatio": 0.241999683678, "grossProfitRatio": 0.4009779628848587, "interestExpense": 276000000, "eps": 3.3, "epsdiluted": 3.28, "depreciationAndAmortization": 2954000000, "costOfRevenue": 45449000000, "operatingIncomeRatio": 0.318576022775, "operatingIncome": 24171000000}, {"finalLink": "https://www.sec.gov/Archives/edgar/data/320193/000119312515356351/d17062d10k.htm", "sellingAndMarketingExpenses": 0.0, "revenue": 51501000000, "researchAndDevelopmentExpenses": 2220000000, "acceptedDate": "2015-10-28 16:31:09", "fillingDate": "2015-10-28", "weightedAverageShsOutDil": 5793069000, "costAndExpenses": 36878000000, "ebitda": 17742000000, "ebitdaratio": 0.344498165084, "incomeBeforeTaxRatio": 0.292460340576, "incomeTaxExpense": 3938000000, "totalOtherIncomeExpensesNet": 439000000, "grossProfit": 20548000000, "otherExpenses": 439000000, "incomeBeforeTax": 15062000000, "operatingExpenses": 5925000000, "generalAndAdministrativeExpenses": 3705000000, "netIncome": 11124000000, "symbol": "AAPL", "weightedAverageShsOut": 5753421000, "period": "FY", "link": "https://www.sec.gov/Archives/edgar/data/320193/000119312515356351/0001193125-15-356351-index.htm", "date": "2015-09-26", "netIncomeRatio": 0.215995805907, "grossProfitRatio": 0.39898254402827127, "interestExpense": 238000000, "eps": 1.98, "epsdiluted": 1.97, "depreciationAndAmortization": 3119000000, "costOfRevenue": 30953000000, "operatingIncomeRatio": 0.283936234248, "operatingIncome": 14623000000}, {"finalLink": "https://www.sec.gov/Archives/edgar/data/320193/000119312515259935/d927922d10q.htm", "sellingAndMarketingExpenses": 0.0, "revenue": 49605000000, "researchAndDevelopmentExpenses": 2034000000, "acceptedDate": "2015-07-22 17:01:17", "fillingDate": "2015-07-22", "weightedAverageShsOutDil": 5829920000, "costAndExpenses": 35522000000, "ebitda": 17167000000, "ebitdaratio": 0.346073984477, "incomeBeforeTaxRatio": 0.29176494305, "incomeTaxExpense": 3796000000, "totalOtherIncomeExpensesNet": 390000000, "grossProfit": 19681000000, "otherExpenses": 390000000, "incomeBeforeTax": 14473000000, "operatingExpenses": 5598000000, "generalAndAdministrativeExpenses": 3564000000, "netIncome": 10677000000, "symbol": "AAPL", "weightedAverageShsOut": 5788922000, "period": "Q3", "link": "https://www.sec.gov/Archives/edgar/data/320193/000119312515259935/0001193125-15-259935-index.htm", "date": "2015-06-27", "netIncomeRatio": 0.215240399153, "grossProfitRatio": 0.3967543594395726, "interestExpense": 201000000, "eps": 1.87, "epsdiluted": 1.86, "depreciationAndAmortization": 3084000000, "costOfRevenue": 29924000000, "operatingIncomeRatio": 0.283902832376, "operatingIncome": 14083000000}, {"finalLink": "https://www.sec.gov/Archives/edgar/data/320193/000119312515153166/d892246d10q.htm", "sellingAndMarketingExpenses": 0.0, "revenue": 58010000000, "researchAndDevelopmentExpenses": 1918000000, "acceptedDate": "2015-04-28 17:01:16", "fillingDate": "2015-04-28", "weightedAverageShsOutDil": 5858330000, "costAndExpenses": 39732000000, "ebitda": 20757000000, "ebitdaratio": 0.357817617652, "incomeBeforeTaxRatio": 0.320013790726, "incomeTaxExpense": 4995000000, "totalOtherIncomeExpensesNet": 286000000, "grossProfit": 23656000000, "otherExpenses": 286000000, "incomeBeforeTax": 18564000000, "operatingExpenses": 5378000000, "generalAndAdministrativeExpenses": 3460000000, "netIncome": 13569000000, "symbol": "AAPL", "weightedAverageShsOut": 5818441000, "period": "Q2", "link": "https://www.sec.gov/Archives/edgar/data/320193/000119312515153166/0001193125-15-153166-index.htm", "date": "2015-03-28", "netIncomeRatio": 0.233907946906, "grossProfitRatio": 0.4077917600413722, "interestExpense": 163000000, "eps": 2.35, "epsdiluted": 2.33, "depreciationAndAmortization": 2479000000, "costOfRevenue": 34354000000, "operatingIncomeRatio": 0.315083606275, "operatingIncome": 18278000000}, {"finalLink": "https://www.sec.gov/Archives/edgar/data/320193/000119312515023697/d835533d10q.htm", "sellingAndMarketingExpenses": 0.0, "revenue": 74599000000, "researchAndDevelopmentExpenses": 1895000000, "acceptedDate": "2015-01-28 16:39:32", "fillingDate": "2015-01-28", "weightedAverageShsOutDil": 5881803000, "costAndExpenses": 50353000000, "ebitda": 26821000000, "ebitdaratio": 0.359535650612, "incomeBeforeTaxRatio": 0.327296612555, "incomeTaxExpense": 6392000000, "totalOtherIncomeExpensesNet": 170000000, "grossProfit": 29741000000, "otherExpenses": 170000000, "incomeBeforeTax": 24416000000, "operatingExpenses": 5495000000, "generalAndAdministrativeExpenses": 3600000000, "netIncome": 18024000000, "symbol": "AAPL", "weightedAverageShsOut": 5843082000, "period": "Q1", "link": "https://www.sec.gov/Archives/edgar/data/320193/000119312515023697/0001193125-15-023697-index.htm", "date": "2014-12-27", "netIncomeRatio": 0.241611817853, "grossProfitRatio": 0.3986782664646979, "interestExpense": 131000000, "eps": 3.08, "epsdiluted": 3.06, "depreciationAndAmortization": 2575000000, "costOfRevenue": 44858000000, "operatingIncomeRatio": 0.325017761632, "operatingIncome": 24246000000}, {"finalLink": "https://www.sec.gov/Archives/edgar/data/320193/000119312514383437/d783162d10k.htm", "sellingAndMarketingExpenses": 0.0, "revenue": 42123000000, "researchAndDevelopmentExpenses": 1686000000, "acceptedDate": "2014-10-27 17:11:55", "fillingDate": "2014-10-27", "weightedAverageShsOutDil": 6122663000, "costAndExpenses": 30958000000, "ebitda": 13134000000, "ebitdaratio": 0.311801153764, "incomeBeforeTaxRatio": 0.272345274553, "incomeTaxExpense": 3005000000, "totalOtherIncomeExpensesNet": 307000000, "grossProfit": 16009000000, "otherExpenses": 307000000, "incomeBeforeTax": 11472000000, "operatingExpenses": 4844000000, "generalAndAdministrativeExpenses": 3158000000, "netIncome": 8467000000, "symbol": "AAPL", "weightedAverageShsOut": 6085572000, "period": "FY", "link": "https://www.sec.gov/Archives/edgar/data/320193/000119312514383437/0001193125-14-383437-index.htm", "date": "2014-09-27", "netIncomeRatio": 0.20100657598, "grossProfitRatio": 0.38005365239892697, "interestExpense": 115000000, "eps": 1.43, "epsdiluted": 1.42, "depreciationAndAmortization": 1969000000, "costOfRevenue": 26114000000, "operatingIncomeRatio": 0.265057094699, "operatingIncome": 11165000000}, {"finalLink": "https://www.sec.gov/Archives/edgar/data/320193/000119312514277160/d740164d10q.htm", "sellingAndMarketingExpenses": 0.0, "revenue": 37432000000, "researchAndDevelopmentExpenses": 1603000000, "acceptedDate": "2014-07-23 16:32:48", "fillingDate": "2014-07-23", "weightedAverageShsOutDil": 6172857000, "costAndExpenses": 27150000000, "ebitda": 12228000000, "ebitdaratio": 0.32667236589, "incomeBeforeTaxRatio": 0.280081213935, "incomeTaxExpense": 2736000000, "totalOtherIncomeExpensesNet": 202000000, "grossProfit": 14735000000, "otherExpenses": 202000000, "incomeBeforeTax": 10484000000, "operatingExpenses": 4453000000, "generalAndAdministrativeExpenses": 2850000000, "netIncome": 7748000000, "symbol": "AAPL", "weightedAverageShsOut": 6136147000, "period": "Q3", "link": "https://www.sec.gov/Archives/edgar/data/320193/000119312514277160/0001193125-14-277160-index.htm", "date": "2014-06-28", "netIncomeRatio": 0.206988672793, "grossProfitRatio": 0.3936471468262449, "interestExpense": 100000000, "eps": -21.25, "epsdiluted": -21.13, "depreciationAndAmortization": 1946000000, "costOfRevenue": 22697000000, "operatingIncomeRatio": 0.274684761701, "operatingIncome": 10282000000}, {"finalLink": "https://www.sec.gov/Archives/edgar/data/320193/000119312514157311/d694710d10q.htm", "sellingAndMarketingExpenses": 0.0, "revenue": 45646000000, "researchAndDevelopmentExpenses": 1422000000, "acceptedDate": "2014-04-24 17:02:12", "fillingDate": "2014-04-24", "weightedAverageShsOutDil": 890490000, "costAndExpenses": 32053000000, "ebitda": 15480000000, "ebitdaratio": 0.339131577794, "incomeBeforeTaxRatio": 0.302720939403, "incomeTaxExpense": 3595000000, "totalOtherIncomeExpensesNet": 225000000, "grossProfit": 17947000000, "otherExpenses": 225000000, "incomeBeforeTax": 13818000000, "operatingExpenses": 4354000000, "generalAndAdministrativeExpenses": 2932000000, "netIncome": 10223000000, "symbol": "AAPL", "weightedAverageShsOut": 885415000, "period": "Q2", "link": "https://www.sec.gov/Archives/edgar/data/320193/000119312514157311/0001193125-14-157311-index.htm", "date": "2014-03-29", "netIncomeRatio": 0.223962669237, "grossProfitRatio": 0.3931779345397187, "interestExpense": 85000000, "eps": 11.72, "epsdiluted": 11.66, "depreciationAndAmortization": 1887000000, "costOfRevenue": 27699000000, "operatingIncomeRatio": 0.297791701354, "operatingIncome": 13593000000}, {"finalLink": "https://www.sec.gov/Archives/edgar/data/320193/000119312514024487/d644622d10q.htm", "sellingAndMarketingExpenses": 0.0, "revenue": 57594000000, "researchAndDevelopmentExpenses": 1330000000, "acceptedDate": "2014-01-28 17:07:27", "fillingDate": "2014-01-28", "weightedAverageShsOutDil": 901452000, "costAndExpenses": 40131000000, "ebitda": 19607000000, "ebitdaratio": 0.340434767511, "incomeBeforeTaxRatio": 0.307479945828, "incomeTaxExpense": 4637000000, "totalOtherIncomeExpensesNet": 246000000, "grossProfit": 21846000000, "otherExpenses": 246000000, "incomeBeforeTax": 17709000000, "operatingExpenses": 4383000000, "generalAndAdministrativeExpenses": 3053000000, "netIncome": 13072000000, "symbol": "AAPL", "weightedAverageShsOut": 896072000, "period": "Q1", "link": "https://www.sec.gov/Archives/edgar/data/320193/000119312514024487/0001193125-14-024487-index.htm", "date": "2013-12-28", "netIncomeRatio": 0.226968086954, "grossProfitRatio": 0.3793103448275862, "interestExpense": 84000000, "eps": 14.59, "epsdiluted": 14.5, "depreciationAndAmortization": 2144000000, "costOfRevenue": 35748000000, "operatingIncomeRatio": 0.30320866757, "operatingIncome": 17463000000}, {"finalLink": "https://www.sec.gov/Archives/edgar/data/320193/000119312513416534/d590790d10k.htm", "sellingAndMarketingExpenses": 0.0, "revenue": 37472000000, "researchAndDevelopmentExpenses": 1168000000, "acceptedDate": "2013-10-29 20:38:28", "fillingDate": "2013-10-30", "weightedAverageShsOutDil": 931662000, "costAndExpenses": 27442000000, "ebitda": 11813000000, "ebitdaratio": 0.315248719044, "incomeBeforeTaxRatio": 0.270682109308, "incomeTaxExpense": 2631000000, "totalOtherIncomeExpensesNet": 113000000, "grossProfit": 13871000000, "otherExpenses": 113000000, "incomeBeforeTax": 10143000000, "operatingExpenses": 3841000000, "generalAndAdministrativeExpenses": 2673000000, "netIncome": 7512000000, "symbol": "AAPL", "weightedAverageShsOut": 925331000, "period": "FY", "link": "https://www.sec.gov/Archives/edgar/data/320193/000119312513416534/0001193125-13-416534-index.htm", "date": "2013-09-28", "netIncomeRatio": 0.200469684031, "grossProfitRatio": 0.3701697267292912, "interestExpense": 136000000, "eps": 8.36, "epsdiluted": 8.31, "depreciationAndAmortization": 1783000000, "costOfRevenue": 23601000000, "operatingIncomeRatio": 0.267666524338, "operatingIncome": 10030000000}, {"finalLink": "https://www.sec.gov/Archives/edgar/data/320193/000119312513300670/d552802d10q.htm", "sellingAndMarketingExpenses": 0.0, "revenue": 35323000000, "researchAndDevelopmentExpenses": 1178000000, "acceptedDate": "2013-07-24 17:02:02", "fillingDate": "2013-07-24", "weightedAverageShsOutDil": 939172000, "costAndExpenses": 26122000000, "ebitda": 10895000000, "ebitdaratio": 0.308439260538, "incomeBeforeTaxRatio": 0.267106417915, "incomeTaxExpense": 2535000000, "totalOtherIncomeExpensesNet": 234000000, "grossProfit": 13024000000, "otherExpenses": 234000000, "incomeBeforeTax": 9435000000, "operatingExpenses": 3823000000, "generalAndAdministrativeExpenses": 2645000000, "netIncome": 6900000000, "symbol": "AAPL", "weightedAverageShsOut": 932388000, "period": "Q3", "link": "https://www.sec.gov/Archives/edgar/data/320193/000119312513300670/0001193125-13-300670-index.htm", "date": "2013-06-29", "netIncomeRatio": 0.195340146647, "grossProfitRatio": 0.36871160433711747, "interestExpense": 0.0, "eps": 7.58, "epsdiluted": 7.54, "depreciationAndAmortization": 1694000000, "costOfRevenue": 22299000000, "operatingIncomeRatio": 0.260481839028, "operatingIncome": 9201000000}, {"finalLink": "https://www.sec.gov/Archives/edgar/data/320193/000119312513168288/d501596d10q.htm", "sellingAndMarketingExpenses": 0.0, "revenue": 43603000000, "researchAndDevelopmentExpenses": 1119000000, "acceptedDate": "2013-04-23 21:29:23", "fillingDate": "2013-04-24", "weightedAverageShsOutDil": 946626000, "costAndExpenses": 31045000000, "ebitda": 14250000000, "ebitdaratio": 0.326812375295, "incomeBeforeTaxRatio": 0.295965873908, "incomeTaxExpense": 3358000000, "totalOtherIncomeExpensesNet": 347000000, "grossProfit": 16349000000, "otherExpenses": 347000000, "incomeBeforeTax": 12905000000, "operatingExpenses": 3791000000, "generalAndAdministrativeExpenses": 2672000000, "netIncome": 9547000000, "symbol": "AAPL", "weightedAverageShsOut": 939273000, "period": "Q2", "link": "https://www.sec.gov/Archives/edgar/data/320193/000119312513168288/0001193125-13-168288-index.htm", "date": "2013-03-30", "netIncomeRatio": 0.218952824347, "grossProfitRatio": 0.37495126482122787, "interestExpense": 0.0, "eps": 10.16, "epsdiluted": 10.09, "depreciationAndAmortization": 1692000000, "costOfRevenue": 27254000000, "operatingIncomeRatio": 0.288007705892, "operatingIncome": 12558000000}, {"finalLink": "https://www.sec.gov/Archives/edgar/data/320193/000119312513022339/d453687d10q.htm", "sellingAndMarketingExpenses": 0.0, "revenue": 54512000000, "researchAndDevelopmentExpenses": 1010000000, "acceptedDate": "2013-01-24 17:01:37", "fillingDate": "2013-01-24", "weightedAverageShsOutDil": 947217000, "costAndExpenses": 37302000000, "ebitda": 18798000000, "ebitdaratio": 0.344841502788, "incomeBeforeTaxRatio": 0.32418550044, "incomeTaxExpense": 4594000000, "totalOtherIncomeExpensesNet": 462000000, "grossProfit": 21060000000, "otherExpenses": 462000000, "incomeBeforeTax": 17672000000, "operatingExpenses": 3850000000, "generalAndAdministrativeExpenses": 2840000000, "netIncome": 13078000000, "symbol": "AAPL", "weightedAverageShsOut": 938916000, "period": "Q1", "link": "https://www.sec.gov/Archives/edgar/data/320193/000119312513022339/0001193125-13-022339-index.htm", "date": "2012-12-29", "netIncomeRatio": 0.239910478427, "grossProfitRatio": 0.3863369533313766, "interestExpense": 0.0, "eps": 13.93, "epsdiluted": 13.81, "depreciationAndAmortization": 1588000000, "costOfRevenue": 33452000000, "operatingIncomeRatio": 0.315710302319, "operatingIncome": 17210000000}, {"finalLink": "https://www.sec.gov/Archives/edgar/data/320193/000119312512444068/d411355d10k.htm", "sellingAndMarketingExpenses": 0.0, "revenue": 35966000000, "researchAndDevelopmentExpenses": 906000000, "acceptedDate": "2012-10-31 17:07:19", "fillingDate": "2012-10-31", "weightedAverageShsOutDil": 945355000, "costAndExpenses": 25022000000, "ebitda": 11925000000, "ebitdaratio": 0.331563142968, "incomeBeforeTaxRatio": 0.302869376633, "incomeTaxExpense": 2670000000, "totalOtherIncomeExpensesNet": -51000000, "grossProfit": 14401000000, "otherExpenses": -51000000, "incomeBeforeTax": 10893000000, "operatingExpenses": 3457000000, "generalAndAdministrativeExpenses": 2551000000, "netIncome": 8223000000, "symbol": "AAPL", "weightedAverageShsOut": 934818000, "period": "FY", "link": "https://www.sec.gov/Archives/edgar/data/320193/000119312512444068/0001193125-12-444068-index.htm", "date": "2012-09-29", "netIncomeRatio": 0.228632597453, "grossProfitRatio": 0.40040593894233445, "interestExpense": 0.0, "eps": 8.75, "epsdiluted": 8.67, "depreciationAndAmortization": 981000000, "costOfRevenue": 21565000000, "operatingIncomeRatio": 0.304287382528, "operatingIncome": 10944000000}, {"finalLink": "https://www.sec.gov/Archives/edgar/data/320193/000119312512314552/d365704d10q.htm", "sellingAndMarketingExpenses": 0.0, "revenue": 35023000000, "researchAndDevelopmentExpenses": 876000000, "acceptedDate": "2012-07-25 16:39:39", "fillingDate": "2012-07-25", "weightedAverageShsOutDil": 944440000, "costAndExpenses": 23450000000, "ebitda": 12408000000, "ebitdaratio": 0.354281472175, "incomeBeforeTaxRatio": 0.338663164206, "incomeTaxExpense": 3037000000, "totalOtherIncomeExpensesNet": 288000000, "grossProfit": 14994000000, "otherExpenses": 288000000, "incomeBeforeTax": 11861000000, "operatingExpenses": 3421000000, "generalAndAdministrativeExpenses": 2545000000, "netIncome": 8824000000, "symbol": "AAPL", "weightedAverageShsOut": 933672000, "period": "Q3", "link": "https://www.sec.gov/Archives/edgar/data/320193/000119312512314552/0001193125-12-314552-index.htm", "date": "2012-06-30", "netIncomeRatio": 0.251948719413, "grossProfitRatio": 0.42811866487736633, "interestExpense": 0.0, "eps": 9.41, "epsdiluted": 9.31, "depreciationAndAmortization": 835000000, "costOfRevenue": 20029000000, "operatingIncomeRatio": 0.330439996574, "operatingIncome": 11573000000}, {"finalLink": "https://www.sec.gov/Archives/edgar/data/320193/000119312512182321/d297069d10q.htm", "sellingAndMarketingExpenses": 0.0, "revenue": 39186000000, "researchAndDevelopmentExpenses": 841000000, "acceptedDate": "2012-04-25 17:01:16", "fillingDate": "2012-04-25", "weightedAverageShsOutDil": 943185000, "costAndExpenses": 23802000000, "ebitda": 16124000000, "ebitdaratio": 0.411473485428, "incomeBeforeTaxRatio": 0.396366049099, "incomeTaxExpense": 3910000000, "totalOtherIncomeExpensesNet": 148000000, "grossProfit": 18564000000, "otherExpenses": 148000000, "incomeBeforeTax": 15532000000, "operatingExpenses": 3180000000, "generalAndAdministrativeExpenses": 2339000000, "netIncome": 11622000000, "symbol": "AAPL", "weightedAverageShsOut": 932265000, "period": "Q2", "link": "https://www.sec.gov/Archives/edgar/data/320193/000119312512182321/0001193125-12-182321-index.htm", "date": "2012-03-31", "netIncomeRatio": 0.296585515235, "grossProfitRatio": 0.4737406216505895, "interestExpense": 0.0, "eps": 12.45, "epsdiluted": 12.3, "depreciationAndAmortization": 740000000, "costOfRevenue": 20622000000, "operatingIncomeRatio": 0.392589190017, "operatingIncome": 15384000000}, {"finalLink": "https://www.sec.gov/Archives/edgar/data/320193/000119312512023398/d267587d10q.htm", "sellingAndMarketingExpenses": 0.0, "revenue": 46333000000, "researchAndDevelopmentExpenses": 758000000, "acceptedDate": "2012-01-25 16:42:11", "fillingDate": "2012-01-25", "weightedAverageShsOutDil": 941572000, "costAndExpenses": 28993000000, "ebitda": 18061000000, "ebitdaratio": 0.389808559774, "incomeBeforeTaxRatio": 0.377204152548, "incomeTaxExpense": 4413000000, "totalOtherIncomeExpensesNet": 137000000, "grossProfit": 20703000000, "otherExpenses": 137000000, "incomeBeforeTax": 17477000000, "operatingExpenses": 3363000000, "generalAndAdministrativeExpenses": 2605000000, "netIncome": 13064000000, "symbol": "AAPL", "weightedAverageShsOut": 931041000, "period": "Q1", "link": "https://www.sec.gov/Archives/edgar/data/320193/000119312512023398/0001193125-12-023398-index.htm", "date": "2011-12-31", "netIncomeRatio": 0.281958863013, "grossProfitRatio": 0.4468305527377895, "interestExpense": 0.0, "eps": 14.03, "epsdiluted": 13.87, "depreciationAndAmortization": 721000000, "costOfRevenue": 25630000000, "operatingIncomeRatio": 0.374247296743, "operatingIncome": 17340000000}, {"finalLink": "https://www.sec.gov/Archives/edgar/data/320193/000119312511282113/d220209d10k.htm", "sellingAndMarketingExpenses": 0.0, "revenue": 28270000000, "researchAndDevelopmentExpenses": 645000000, "acceptedDate": "2011-10-26 16:35:25", "fillingDate": "2011-10-26", "weightedAverageShsOutDil": 936645000, "costAndExpenses": 19560000000, "ebitda": 9253000000, "ebitdaratio": 0.32730810046, "incomeBeforeTaxRatio": 0.310965688008, "incomeTaxExpense": 2168000000, "totalOtherIncomeExpensesNet": 81000000, "grossProfit": 11380000000, "otherExpenses": 81000000, "incomeBeforeTax": 8791000000, "operatingExpenses": 2670000000, "generalAndAdministrativeExpenses": 2025000000, "netIncome": 6623000000, "symbol": "AAPL", "weightedAverageShsOut": 924258000, "period": "FY", "link": "https://www.sec.gov/Archives/edgar/data/320193/000119312511282113/0001193125-11-282113-index.htm", "date": "2011-09-24", "netIncomeRatio": 0.234276618323, "grossProfitRatio": 0.4025468694729395, "interestExpense": 0.0, "eps": 7.14, "epsdiluted": 7.05, "depreciationAndAmortization": 543000000, "costOfRevenue": 16890000000, "operatingIncomeRatio": 0.308100459851, "operatingIncome": 8710000000}, {"finalLink": "https://www.sec.gov/Archives/edgar/data/320193/000119312511192493/d10q.htm", "sellingAndMarketingExpenses": 0.0, "revenue": 28571000000, "researchAndDevelopmentExpenses": 628000000, "acceptedDate": "2011-07-20 16:32:13", "fillingDate": "2011-07-20", "weightedAverageShsOutDil": 935688000, "costAndExpenses": 19192000000, "ebitda": 9860000000, "ebitdaratio": 0.345105176578, "incomeBeforeTaxRatio": 0.33429001435, "incomeTaxExpense": 2243000000, "totalOtherIncomeExpensesNet": 172000000, "grossProfit": 11922000000, "otherExpenses": 172000000, "incomeBeforeTax": 9551000000, "operatingExpenses": 2543000000, "generalAndAdministrativeExpenses": 1915000000, "netIncome": 7308000000, "symbol": "AAPL", "weightedAverageShsOut": 922917000, "period": "Q3", "link": "https://www.sec.gov/Archives/edgar/data/320193/000119312511192493/0001193125-11-192493-index.htm", "date": "2011-06-25", "netIncomeRatio": 0.255783836758, "grossProfitRatio": 0.41727625914388716, "interestExpense": 0.0, "eps": 7.89, "epsdiluted": 7.8, "depreciationAndAmortization": 481000000, "costOfRevenue": 16649000000, "operatingIncomeRatio": 0.328269924049, "operatingIncome": 9379000000}, {"finalLink": "https://www.sec.gov/Archives/edgar/data/320193/000119312511104388/d10q.htm", "sellingAndMarketingExpenses": 0.0, "revenue": 24667000000, "researchAndDevelopmentExpenses": 581000000, "acceptedDate": "2011-04-21 06:13:41", "fillingDate": "2011-04-21", "weightedAverageShsOutDil": 934549000, "costAndExpenses": 16793000000, "ebitda": 8308000000, "ebitdaratio": 0.336806259375, "incomeBeforeTaxRatio": 0.320265942352, "incomeTaxExpense": 1913000000, "totalOtherIncomeExpensesNet": 26000000, "grossProfit": 10218000000, "otherExpenses": 26000000, "incomeBeforeTax": 7900000000, "operatingExpenses": 2344000000, "generalAndAdministrativeExpenses": 1763000000, "netIncome": 5987000000, "symbol": "AAPL", "weightedAverageShsOut": 921245000, "period": "Q2", "link": "https://www.sec.gov/Archives/edgar/data/320193/000119312511104388/0001193125-11-104388-index.htm", "date": "2011-03-26", "netIncomeRatio": 0.242712936312, "grossProfitRatio": 0.4142376454372238, "interestExpense": 0.0, "eps": 6.49, "epsdiluted": 6.4, "depreciationAndAmortization": 434000000, "costOfRevenue": 14449000000, "operatingIncomeRatio": 0.319211902542, "operatingIncome": 7874000000}, {"finalLink": "https://www.sec.gov/Archives/edgar/data/320193/000119312511010144/d10q.htm", "sellingAndMarketingExpenses": 0.0, "revenue": 26741000000, "researchAndDevelopmentExpenses": 575000000, "acceptedDate": "2011-01-19 16:33:29", "fillingDate": "2011-01-19", "weightedAverageShsOutDil": 933154000, "costAndExpenses": 18914000000, "ebitda": 8183000000, "ebitdaratio": 0.306009498523, "incomeBeforeTaxRatio": 0.297782431472, "incomeTaxExpense": 1959000000, "totalOtherIncomeExpensesNet": 136000000, "grossProfit": 10298000000, "otherExpenses": 136000000, "incomeBeforeTax": 7963000000, "operatingExpenses": 2471000000, "generalAndAdministrativeExpenses": 1896000000, "netIncome": 6004000000, "symbol": "AAPL", "weightedAverageShsOut": 919294000, "period": "Q1", "link": "https://www.sec.gov/Archives/edgar/data/320193/000119312511010144/0001193125-11-010144-index.htm", "date": "2010-12-25", "netIncomeRatio": 0.224524138963, "grossProfitRatio": 0.38510152948655624, "interestExpense": 0.0, "eps": 6.53, "epsdiluted": 6.43, "depreciationAndAmortization": 356000000, "costOfRevenue": 16443000000, "operatingIncomeRatio": 0.292696608205, "operatingIncome": 7827000000}, {"finalLink": "https://www.sec.gov/Archives/edgar/data/320193/000119312510238044/d10k.htm", "sellingAndMarketingExpenses": 0.0, "revenue": 20343000000, "researchAndDevelopmentExpenses": 494000000, "acceptedDate": "2010-10-27 16:36:21", "fillingDate": "2010-10-27", "weightedAverageShsOutDil": 924712000, "costAndExpenses": 14896000000, "ebitda": 5776000000, "ebitdaratio": 0.283930590375, "incomeBeforeTaxRatio": 0.268446148552, "incomeTaxExpense": 1153000000, "totalOtherIncomeExpensesNet": 14000000, "grossProfit": 7512000000, "otherExpenses": 14000000, "incomeBeforeTax": 5461000000, "operatingExpenses": 2065000000, "generalAndAdministrativeExpenses": 1571000000, "netIncome": 4308000000, "symbol": "AAPL", "weightedAverageShsOut": 909461000, "period": "FY", "link": "https://www.sec.gov/Archives/edgar/data/320193/000119312510238044/0001193125-10-238044-index.htm", "date": "2010-09-25", "netIncomeRatio": 0.211768175785, "grossProfitRatio": 0.36926706975372364, "interestExpense": 0.0, "eps": 4.72, "epsdiluted": 4.64, "depreciationAndAmortization": 329000000, "costOfRevenue": 12831000000, "operatingIncomeRatio": 0.267757951138, "operatingIncome": 5447000000}, {"finalLink": "https://www.sec.gov/Archives/edgar/data/320193/000119312510162840/d10q.htm", "sellingAndMarketingExpenses": 0.0, "revenue": 15700000000, "researchAndDevelopmentExpenses": 464000000, "acceptedDate": "2010-07-21 16:37:45", "fillingDate": "2010-07-21", "weightedAverageShsOutDil": 923341000, "costAndExpenses": 11466000000, "ebitda": 4507000000, "ebitdaratio": 0.287070063694, "incomeBeforeTaxRatio": 0.273375796178, "incomeTaxExpense": 1039000000, "totalOtherIncomeExpensesNet": 58000000, "grossProfit": 6136000000, "otherExpenses": 58000000, "incomeBeforeTax": 4292000000, "operatingExpenses": 1902000000, "generalAndAdministrativeExpenses": 1438000000, "netIncome": 3253000000, "symbol": "AAPL", "weightedAverageShsOut": 907762000, "period": "Q3", "link": "https://www.sec.gov/Archives/edgar/data/320193/000119312510162840/0001193125-10-162840-index.htm", "date": "2010-06-26", "netIncomeRatio": 0.207197452229, "grossProfitRatio": 0.390828025477707, "interestExpense": 0.0, "eps": 3.57, "epsdiluted": 3.51, "depreciationAndAmortization": 273000000, "costOfRevenue": 9564000000, "operatingIncomeRatio": 0.269681528662, "operatingIncome": 4234000000}, {"finalLink": "https://www.sec.gov/Archives/edgar/data/320193/000119312510088957/d10q.htm", "sellingAndMarketingExpenses": 0.0, "revenue": 29182000000, "researchAndDevelopmentExpenses": 824000000, "acceptedDate": "2010-04-21 16:39:23", "fillingDate": "2010-04-21", "weightedAverageShsOutDil": 921331000, "costAndExpenses": 20478000000, "ebitda": 9129000000, "ebitdaratio": 0.312829826605, "incomeBeforeTaxRatio": 0.301110273456, "incomeTaxExpense": 2335000000, "totalOtherIncomeExpensesNet": 83000000, "grossProfit": 12036000000, "otherExpenses": 50000000, "incomeBeforeTax": 8787000000, "operatingExpenses": 3332000000, "generalAndAdministrativeExpenses": 2508000000, "netIncome": 6452000000, "symbol": "AAPL", "weightedAverageShsOut": 905545000, "period": "Q2", "link": "https://www.sec.gov/Archives/edgar/data/320193/000119312510088957/0001193125-10-088957-index.htm", "date": "2010-03-27", "netIncomeRatio": 0.221095195669, "grossProfitRatio": 0.412446028373655, "interestExpense": 0.0, "eps": 7.12, "epsdiluted": 7.0, "depreciationAndAmortization": 425000000, "costOfRevenue": 17146000000, "operatingIncomeRatio": 0.298266054417, "operatingIncome": 8704000000}, {"finalLink": "https://www.sec.gov/Archives/edgar/data/320193/000119312510012085/d10q.htm", "sellingAndMarketingExpenses": 0.0, "revenue": 15683000000, "researchAndDevelopmentExpenses": 398000000, "acceptedDate": "2010-01-25 16:23:57", "fillingDate": "2010-01-25", "weightedAverageShsOutDil": 921331000, "costAndExpenses": 10958000000, "ebitda": 4934000000, "ebitdaratio": 0.31460817445641776, "incomeBeforeTaxRatio": 0.30338583179238665, "incomeTaxExpense": 1380000000, "totalOtherIncomeExpensesNet": 33000000, "grossProfit": 6411000000, "otherExpenses": 33000000, "incomeBeforeTax": 4758000000, "operatingExpenses": 1686000000, "generalAndAdministrativeExpenses": 1288000000, "netIncome": 3378000000, "symbol": "AAPL", "weightedAverageShsOut": 905545000, "period": "Q1", "link": "https://www.sec.gov/Archives/edgar/data/320193/000119312510012085/0001193125-10-012085-index.htm", "date": "2009-12-26", "netIncomeRatio": 0.21539246317668814, "grossProfitRatio": 0.40878658419945163, "interestExpense": 0.0, "eps": 3.74, "epsdiluted": 3.67, "depreciationAndAmortization": 209000000, "costOfRevenue": 9272000000, "operatingIncomeRatio": 0.3012816425428808, "operatingIncome": 4725000000}, {"finalLink": "https://www.sec.gov/Archives/edgar/data/320193/000119312509214859/d10k.htm", "sellingAndMarketingExpenses": 0.0, "revenue": 9870000000, "researchAndDevelopmentExpenses": 358000000, "acceptedDate": "2009-10-27 16:18:29", "fillingDate": "2009-10-27", "weightedAverageShsOutDil": 907005000, "costAndExpenses": 7677000000, "ebitda": 2390000000, "ebitdaratio": 0.24214792299898683, "incomeBeforeTaxRatio": 0.22674772036474164, "incomeTaxExpense": 573000000, "totalOtherIncomeExpensesNet": 45000000, "grossProfit": 3614000000, "otherExpenses": 45000000, "incomeBeforeTax": 2238000000, "operatingExpenses": 1421000000, "generalAndAdministrativeExpenses": 1063000000, "netIncome": 1665000000, "symbol": "AAPL", "weightedAverageShsOut": 893016000, "period": "FY", "link": "https://www.sec.gov/Archives/edgar/data/320193/000119312509214859/0001193125-09-214859-index.htm", "date": "2009-09-26", "netIncomeRatio": 0.16869300911854104, "grossProfitRatio": 0.36616008105369807, "interestExpense": 0.0, "eps": 6.39, "epsdiluted": 6.29, "depreciationAndAmortization": 197000000, "costOfRevenue": 6256000000, "operatingIncomeRatio": 0.22218844984802433, "operatingIncome": 2193000000}, {"finalLink": "https://www.sec.gov/Archives/edgar/data/320193/000119312509153165/d10q.htm", "sellingAndMarketingExpenses": 0.0, "revenue": 8337000000, "researchAndDevelopmentExpenses": 341000000, "acceptedDate": "2009-07-22 16:41:33", "fillingDate": "2009-07-22", "weightedAverageShsOutDil": 907005000, "costAndExpenses": 6665000000, "ebitda": 1848000000, "ebitdaratio": 0.2216624685138539, "incomeBeforeTaxRatio": 0.20774859062012715, "incomeTaxExpense": 503000000, "totalOtherIncomeExpensesNet": 60000000, "grossProfit": 3023000000, "otherExpenses": 60000000, "incomeBeforeTax": 1732000000, "operatingExpenses": 1351000000, "generalAndAdministrativeExpenses": 1010000000, "netIncome": 1229000000, "symbol": "AAPL", "weightedAverageShsOut": 893016000, "period": "Q3", "link": "https://www.sec.gov/Archives/edgar/data/320193/000119312509153165/0001193125-09-153165-index.htm", "date": "2009-06-27", "netIncomeRatio": 0.1474151373395706, "grossProfitRatio": 0.3626004557994482, "interestExpense": 0.0, "eps": 4.53, "epsdiluted": 4.47, "depreciationAndAmortization": 176000000, "costOfRevenue": 5314000000, "operatingIncomeRatio": 0.2005517572268202, "operatingIncome": 1672000000}, {"finalLink": "https://www.sec.gov/Archives/edgar/data/320193/000119312509085781/d10q.htm", "sellingAndMarketingExpenses": 0.0, "revenue": 8163000000, "researchAndDevelopmentExpenses": 319000000, "acceptedDate": "2009-04-23 16:12:31", "fillingDate": "2009-04-23", "weightedAverageShsOutDil": 902243000, "costAndExpenses": 6496000000, "ebitda": 1839000000, "ebitdaratio": 0.22528482175670708, "incomeBeforeTaxRatio": 0.21193188778635305, "incomeTaxExpense": 525000000, "totalOtherIncomeExpensesNet": 63000000, "grossProfit": 2971000000, "otherExpenses": 63000000, "incomeBeforeTax": 1730000000, "operatingExpenses": 1304000000, "generalAndAdministrativeExpenses": 985000000, "netIncome": 1205000000, "symbol": "AAPL", "weightedAverageShsOut": 890161000, "period": "Q2", "link": "https://www.sec.gov/Archives/edgar/data/320193/000119312509085781/0001193125-09-085781-index.htm", "date": "2009-03-28", "netIncomeRatio": 0.14761729756217076, "grossProfitRatio": 0.36395932867818204, "interestExpense": 0.0, "eps": 3.16, "epsdiluted": 3.11, "depreciationAndAmortization": 172000000, "costOfRevenue": 5192000000, "operatingIncomeRatio": 0.20421413695945118, "operatingIncome": 1667000000}, {"finalLink": "https://www.sec.gov/Archives/edgar/data/320193/000119312509009937/d10q.htm", "sellingAndMarketingExpenses": 0.0, "revenue": 10167000000, "researchAndDevelopmentExpenses": 315000000, "acceptedDate": "2009-01-22 21:45:14", "fillingDate": "2009-01-23", "weightedAverageShsOutDil": 901494000, "costAndExpenses": 8041000000, "ebitda": 2284000000, "ebitdaratio": 0.22464837218451855, "incomeBeforeTaxRatio": 0.22464837218451855, "incomeTaxExpense": 679000000, "totalOtherIncomeExpensesNet": 158000000, "grossProfit": 3532000000, "otherExpenses": 158000000, "incomeBeforeTax": 2284000000, "operatingExpenses": 1406000000, "generalAndAdministrativeExpenses": 1091000000, "netIncome": 1605000000, "symbol": "AAPL", "weightedAverageShsOut": 889142000, "period": "Q1", "link": "https://www.sec.gov/Archives/edgar/data/320193/000119312509009937/0001193125-09-009937-index.htm", "date": "2008-12-27", "netIncomeRatio": 0.1578636766007672, "grossProfitRatio": 0.34739844595259173, "interestExpense": 0.0, "eps": 1.81, "epsdiluted": 1.78, "depreciationAndAmortization": 158000000, "costOfRevenue": 6635000000, "operatingIncomeRatio": 0.20910789810170158, "operatingIncome": 2126000000}, {"finalLink": "https://www.sec.gov/Archives/edgar/data/320193/000119312508224958/d10k.htm", "sellingAndMarketingExpenses": 0.0, "revenue": 7895000000, "researchAndDevelopmentExpenses": 298000000, "acceptedDate": "2008-11-05 06:16:23", "fillingDate": "2008-11-05", "weightedAverageShsOutDil": 902139000, "costAndExpenses": 6453000000, "ebitda": 1576000000, "ebitdaratio": 0.19962001266624446, "incomeBeforeTaxRatio": 0.20037998733375553, "incomeTaxExpense": 446000000, "totalOtherIncomeExpensesNet": 140000000, "grossProfit": 2739000000, "otherExpenses": 140000000, "incomeBeforeTax": 1582000000, "operatingExpenses": 1297000000, "generalAndAdministrativeExpenses": 999000000, "netIncome": 1136000000, "symbol": "AAPL", "weightedAverageShsOut": 881592000, "period": "FY", "link": "https://www.sec.gov/Archives/edgar/data/320193/000119312508224958/0001193125-08-224958-index.htm", "date": "2008-09-27", "netIncomeRatio": 0.14388853704876503, "grossProfitRatio": 0.3469284357188094, "interestExpense": 0.0, "eps": 5.48, "epsdiluted": 5.36, "depreciationAndAmortization": 134000000, "costOfRevenue": 5156000000, "operatingIncomeRatio": 0.18264724509183028, "operatingIncome": 1442000000}, {"finalLink": "https://www.sec.gov/Archives/edgar/data/320193/000119312508156421/d10q.htm", "sellingAndMarketingExpenses": 0.0, "revenue": 7464000000, "researchAndDevelopmentExpenses": 292000000, "acceptedDate": "2008-07-23 17:27:26", "fillingDate": "2008-07-23", "weightedAverageShsOutDil": 901028000, "costAndExpenses": 6072000000, "ebitda": 1509000000, "ebitdaratio": 0.20217041800643087, "incomeBeforeTaxRatio": 0.2023043944265809, "incomeTaxExpense": 438000000, "totalOtherIncomeExpensesNet": 118000000, "grossProfit": 2600000000, "otherExpenses": 118000000, "incomeBeforeTax": 1510000000, "operatingExpenses": 1208000000, "generalAndAdministrativeExpenses": 916000000, "netIncome": 1072000000, "symbol": "AAPL", "weightedAverageShsOut": 879753000, "period": "Q3", "link": "https://www.sec.gov/Archives/edgar/data/320193/000119312508156421/0001193125-08-156421-index.htm", "date": "2008-06-28", "netIncomeRatio": 0.14362272240085744, "grossProfitRatio": 0.3483386923901393, "interestExpense": 0.0, "eps": 4.2, "epsdiluted": 4.1, "depreciationAndAmortization": 117000000, "costOfRevenue": 4864000000, "operatingIncomeRatio": 0.1864951768488746, "operatingIncome": 1392000000}, {"finalLink": "https://www.sec.gov/Archives/edgar/data/320193/000119312508097759/d10q.htm", "sellingAndMarketingExpenses": 0.0, "revenue": 7512000000, "researchAndDevelopmentExpenses": 273000000, "acceptedDate": "2008-05-01 06:01:43", "fillingDate": "2008-05-01", "weightedAverageShsOutDil": 899783000, "costAndExpenses": 6197000000, "ebitda": 1431000000, "ebitdaratio": 0.19049520766773162, "incomeBeforeTaxRatio": 0.19661874334398297, "incomeTaxExpense": 432000000, "totalOtherIncomeExpensesNet": 162000000, "grossProfit": 2474000000, "otherExpenses": 162000000, "incomeBeforeTax": 1477000000, "operatingExpenses": 1159000000, "generalAndAdministrativeExpenses": 886000000, "netIncome": 1045000000, "symbol": "AAPL", "weightedAverageShsOut": 877704000, "period": "Q2", "link": "https://www.sec.gov/Archives/edgar/data/320193/000119312508097759/0001193125-08-097759-index.htm", "date": "2008-03-29", "netIncomeRatio": 0.13911075612353568, "grossProfitRatio": 0.3293397231096912, "interestExpense": 0.0, "eps": 2.99, "epsdiluted": 2.92, "depreciationAndAmortization": 116000000, "costOfRevenue": 5038000000, "operatingIncomeRatio": 0.17505324813631523, "operatingIncome": 1315000000}, {"finalLink": "https://www.sec.gov/Archives/edgar/data/320193/000119312508017426/d10q.htm", "sellingAndMarketingExpenses": 0.0, "revenue": 9608000000, "researchAndDevelopmentExpenses": 246000000, "acceptedDate": "2008-02-01 06:06:51", "fillingDate": "2008-02-01", "weightedAverageShsOutDil": 900054000, "costAndExpenses": 7482000000, "ebitda": 2232000000, "ebitdaratio": 0.23230641132389676, "incomeBeforeTaxRatio": 0.24208992506244795, "incomeTaxExpense": 745000000, "totalOtherIncomeExpensesNet": 200000000, "grossProfit": 3332000000, "otherExpenses": 200000000, "incomeBeforeTax": 2326000000, "operatingExpenses": 1206000000, "generalAndAdministrativeExpenses": 960000000, "netIncome": 1581000000, "symbol": "AAPL", "weightedAverageShsOut": 875860000, "period": "Q1", "link": "https://www.sec.gov/Archives/edgar/data/320193/000119312508017426/0001193125-08-017426-index.htm", "date": "2007-12-29", "netIncomeRatio": 0.1645503746877602, "grossProfitRatio": 0.34679433805162363, "interestExpense": 0.0, "eps": 1.81, "epsdiluted": 1.76, "depreciationAndAmortization": 106000000, "costOfRevenue": 6276000000, "operatingIncomeRatio": 0.22127393838467943, "operatingIncome": 2126000000}, {"finalLink": "https://www.sec.gov/Archives/edgar/data/320193/000104746907009340/a2181030z10-k.htm", "sellingAndMarketingExpenses": 0.0, "revenue": 6217000000, "researchAndDevelopmentExpenses": 207000000, "acceptedDate": "2007-11-15 16:49:37", "fillingDate": "2007-11-15", "weightedAverageShsOutDil": 889292000, "costAndExpenses": 5157000000, "ebitda": 1153000000, "ebitdaratio": 0.18545922470645004, "incomeBeforeTaxRatio": 0.1978446195914428, "incomeTaxExpense": 326000000, "totalOtherIncomeExpensesNet": 170000000, "grossProfit": 2090000000, "otherExpenses": 170000000, "incomeBeforeTax": 1230000000, "operatingExpenses": 1030000000, "generalAndAdministrativeExpenses": 823000000, "netIncome": 904000000, "symbol": "AAPL", "weightedAverageShsOut": 864595000, "period": "FY", "link": "https://www.sec.gov/Archives/edgar/data/320193/000104746907009340/0001047469-07-009340-index.htm", "date": "2007-09-29", "netIncomeRatio": 0.14540775293549943, "grossProfitRatio": 0.3361750040212321, "interestExpense": 0.0, "eps": 4.04, "epsdiluted": 3.93, "depreciationAndAmortization": 93000000, "costOfRevenue": 4127000000, "operatingIncomeRatio": 0.17050024127392632, "operatingIncome": 1060000000}, {"finalLink": "https://www.sec.gov/Archives/edgar/data/320193/000110465907059873/a07-19295_110q.htm", "sellingAndMarketingExpenses": 0.0, "revenue": 5410000000, "researchAndDevelopmentExpenses": 208000000, "acceptedDate": "2007-08-07 21:51:56", "fillingDate": "2007-08-08", "weightedAverageShsOutDil": 887095000, "costAndExpenses": 4369000000, "ebitda": 1122000000, "ebitdaratio": 0.20739371534195933, "incomeBeforeTaxRatio": 0.22107208872458411, "incomeTaxExpense": 378000000, "totalOtherIncomeExpensesNet": 155000000, "grossProfit": 1995000000, "otherExpenses": 155000000, "incomeBeforeTax": 1196000000, "operatingExpenses": 954000000, "generalAndAdministrativeExpenses": 746000000, "netIncome": 818000000, "symbol": "AAPL", "weightedAverageShsOut": 862500000, "period": "Q3", "link": "https://www.sec.gov/Archives/edgar/data/320193/000110465907059873/0001104659-07-059873-index.htm", "date": "2007-06-30", "netIncomeRatio": 0.15120147874306838, "grossProfitRatio": 0.3687615526802218, "interestExpense": 0.0, "eps": 3.01, "epsdiluted": 2.92, "depreciationAndAmortization": 81000000, "costOfRevenue": 3415000000, "operatingIncomeRatio": 0.1924214417744917, "operatingIncome": 1041000000}, {"finalLink": "https://www.sec.gov/Archives/edgar/data/320193/000110465907037745/a07-13266_110q.htm", "sellingAndMarketingExpenses": 0.0, "revenue": 5264000000, "researchAndDevelopmentExpenses": 183000000, "acceptedDate": "2007-05-09 21:38:58", "fillingDate": "2007-05-10", "weightedAverageShsOutDil": 884896000, "costAndExpenses": 4278000000, "ebitda": 1055000000, "ebitdaratio": 0.20041793313069908, "incomeBeforeTaxRatio": 0.2154255319148936, "incomeTaxExpense": 364000000, "totalOtherIncomeExpensesNet": 148000000, "grossProfit": 1849000000, "otherExpenses": 148000000, "incomeBeforeTax": 1134000000, "operatingExpenses": 863000000, "generalAndAdministrativeExpenses": 680000000, "netIncome": 770000000, "symbol": "AAPL", "weightedAverageShsOut": 860347000, "period": "Q2", "link": "https://www.sec.gov/Archives/edgar/data/320193/000110465907037745/0001104659-07-037745-index.htm", "date": "2007-03-31", "netIncomeRatio": 0.14627659574468085, "grossProfitRatio": 0.3512537993920973, "interestExpense": 0.0, "eps": 2.06, "epsdiluted": 2.0, "depreciationAndAmortization": 69000000, "costOfRevenue": 3415000000, "operatingIncomeRatio": 0.18731003039513677, "operatingIncome": 986000000}, {"finalLink": "https://www.sec.gov/Archives/edgar/data/320193/000110465907006648/a07-2749_110q.htm", "sellingAndMarketingExpenses": 0.0, "revenue": 7115000000, "researchAndDevelopmentExpenses": 184000000, "acceptedDate": "2007-02-02 06:23:10", "fillingDate": "2007-02-02", "weightedAverageShsOutDil": 883297000, "costAndExpenses": 5793000000, "ebitda": 1396000000, "ebitdaratio": 0.19620520028109628, "incomeBeforeTaxRatio": 0.20351370344342937, "incomeTaxExpense": 444000000, "totalOtherIncomeExpensesNet": 126000000, "grossProfit": 2220000000, "otherExpenses": 126000000, "incomeBeforeTax": 1448000000, "operatingExpenses": 898000000, "generalAndAdministrativeExpenses": 714000000, "netIncome": 1004000000, "symbol": "AAPL", "weightedAverageShsOut": 857691000, "period": "Q1", "link": "https://www.sec.gov/Archives/edgar/data/320193/000110465907006648/0001104659-07-006648-index.htm", "date": "2006-12-30", "netIncomeRatio": 0.14111033028812367, "grossProfitRatio": 0.3120168657765285, "interestExpense": 0.0, "eps": 1.17, "epsdiluted": 1.14, "depreciationAndAmortization": 74000000, "costOfRevenue": 4895000000, "operatingIncomeRatio": 0.18580463808854533, "operatingIncome": 1322000000}, {"finalLink": "https://www.sec.gov/Archives/edgar/data/320193/000110465906084288/a06-25759_210k.htm", "sellingAndMarketingExpenses": 0.0, "revenue": 13931000000, "researchAndDevelopmentExpenses": 534000000, "acceptedDate": "2006-12-29 06:05:58", "fillingDate": "2006-12-29", "weightedAverageShsOutDil": 856780000, "costAndExpenses": 12281000000, "ebitda": 1716000000, "ebitdaratio": 0.12317852271911564, "incomeBeforeTaxRatio": 0.13028497595291078, "incomeTaxExpense": 480000000, "totalOtherIncomeExpensesNet": 165000000, "grossProfit": 4043000000, "otherExpenses": 165000000, "incomeBeforeTax": 1815000000, "operatingExpenses": 2393000000, "generalAndAdministrativeExpenses": 1859000000, "netIncome": 1335000000, "symbol": "AAPL", "weightedAverageShsOut": 808439000, "period": "FY", "link": "https://www.sec.gov/Archives/edgar/data/320193/000110465906084288/0001104659-06-084288-index.htm", "date": "2006-09-30", "netIncomeRatio": 0.09582944512238892, "grossProfitRatio": 0.29021606489124974, "interestExpense": 0.0, "eps": 1.65, "epsdiluted": 1.56, "depreciationAndAmortization": 66000000, "costOfRevenue": 9888000000, "operatingIncomeRatio": 0.11844088722991888, "operatingIncome": 1650000000}, {"finalLink": "https://www.sec.gov/Archives/edgar/data/320193/000110465906084286/a06-23473_110q.htm", "sellingAndMarketingExpenses": 0.0, "revenue": 4370000000, "researchAndDevelopmentExpenses": 175000000, "acceptedDate": "2006-12-29 06:01:37", "fillingDate": "2006-12-29", "weightedAverageShsOutDil": 876971000, "costAndExpenses": 3804000000, "ebitda": 623000000, "ebitdaratio": 0.1425629290617849, "incomeBeforeTaxRatio": 0.15125858123569794, "incomeTaxExpense": 189000000, "totalOtherIncomeExpensesNet": 95000000, "grossProfit": 1325000000, "otherExpenses": 95000000, "incomeBeforeTax": 661000000, "operatingExpenses": 759000000, "generalAndAdministrativeExpenses": 584000000, "netIncome": 472000000, "symbol": "AAPL", "weightedAverageShsOut": 840759000, "period": "Q3", "link": "https://www.sec.gov/Archives/edgar/data/320193/000110465906084286/0001104659-06-084286-index.htm", "date": "2006-07-01", "netIncomeRatio": 0.1080091533180778, "grossProfitRatio": 0.30320366132723114, "interestExpense": 0.0, "eps": 1.72, "epsdiluted": 1.65, "depreciationAndAmortization": 57000000, "costOfRevenue": 3045000000, "operatingIncomeRatio": 0.12951945080091534, "operatingIncome": 566000000}, {"finalLink": "https://www.sec.gov/Archives/edgar/data/320193/000110465906031303/a06-10806_110q.htm", "sellingAndMarketingExpenses": 0.0, "revenue": 4359000000, "researchAndDevelopmentExpenses": 176000000, "acceptedDate": "2006-05-04 20:26:47", "fillingDate": "2006-05-05", "weightedAverageShsOutDil": 875725000, "costAndExpenses": 4644000000, "ebitda": 579000000, "ebitdaratio": 0.13282863041982107, "incomeBeforeTaxRatio": 0.13879330121587521, "incomeTaxExpense": 195000000, "totalOtherIncomeExpensesNet": 76000000, "grossProfit": 1297000000, "otherExpenses": 76000000, "incomeBeforeTax": 605000000, "operatingExpenses": 768000000, "generalAndAdministrativeExpenses": 592000000, "netIncome": 410000000, "symbol": "AAPL", "weightedAverageShsOut": 835658000, "period": "Q2", "link": "https://www.sec.gov/Archives/edgar/data/320193/000110465906031303/0001104659-06-031303-index.htm", "date": "2006-04-01", "netIncomeRatio": 0.09405827024546914, "grossProfitRatio": 0.2975453085570085, "interestExpense": 0.0, "eps": 1.17, "epsdiluted": 1.11, "depreciationAndAmortization": 50000000, "costOfRevenue": 3062000000, "operatingIncomeRatio": 0.12135810965817848, "operatingIncome": 529000000}, {"finalLink": "https://www.sec.gov/Archives/edgar/data/320193/000110465906005910/a06-3798_110q.htm", "sellingAndMarketingExpenses": 0.0, "revenue": 5749000000, "researchAndDevelopmentExpenses": 182000000, "acceptedDate": "2006-02-03 16:20:30", "fillingDate": "2006-02-03", "weightedAverageShsOutDil": 874207000, "costAndExpenses": 4185000000, "ebitda": 802000000, "ebitdaratio": 0.13950252217777004, "incomeBeforeTaxRatio": 0.14454687771786398, "incomeTaxExpense": 266000000, "totalOtherIncomeExpensesNet": 81000000, "grossProfit": 1564000000, "otherExpenses": 81000000, "incomeBeforeTax": 831000000, "operatingExpenses": 814000000, "generalAndAdministrativeExpenses": 632000000, "netIncome": 565000000, "symbol": "AAPL", "weightedAverageShsOut": 830781000, "period": "Q1", "link": "https://www.sec.gov/Archives/edgar/data/320193/000110465906005910/0001104659-06-005910-index.htm", "date": "2005-12-31", "netIncomeRatio": 0.09827796138458862, "grossProfitRatio": 0.2720473125761002, "interestExpense": 0.0, "eps": 0.68, "epsdiluted": 0.65, "depreciationAndAmortization": 52000000, "costOfRevenue": 4185000000, "operatingIncomeRatio": 0.1304574708644982, "operatingIncome": 750000000}, {"finalLink": "https://www.sec.gov/Archives/edgar/data/320193/000110465905058421/a05-20674_110k.htm", "sellingAndMarketingExpenses": 0.0, "revenue": 3678000000, "researchAndDevelopmentExpenses": 147000000, "acceptedDate": "2005-11-30 21:22:48", "fillingDate": "2005-12-01", "weightedAverageShsOutDil": 856780000, "costAndExpenses": 3260000000, "ebitda": 469000000, "ebitdaratio": 0.12751495377922784, "incomeBeforeTaxRatio": 0.12996193583469276, "incomeTaxExpense": 48000000, "totalOtherIncomeExpensesNet": 60000000, "grossProfit": 1035000000, "otherExpenses": 60000000, "incomeBeforeTax": 478000000, "operatingExpenses": 617000000, "generalAndAdministrativeExpenses": 470000000, "netIncome": 430000000, "symbol": "AAPL", "weightedAverageShsOut": 808439000, "period": "FY", "link": "https://www.sec.gov/Archives/edgar/data/320193/000110465905058421/0001104659-05-058421-index.htm", "date": "2005-09-24", "netIncomeRatio": 0.11691136487221315, "grossProfitRatio": 0.2814029363784666, "interestExpense": 0.0, "eps": 1.65, "epsdiluted": 1.56, "depreciationAndAmortization": 51000000, "costOfRevenue": 2643000000, "operatingIncomeRatio": 0.11364872213159326, "operatingIncome": 418000000}, {"finalLink": "https://www.sec.gov/Archives/edgar/data/320193/000110465905035792/a05-12535_110q.htm", "sellingAndMarketingExpenses": 0.0, "revenue": 3520000000, "researchAndDevelopmentExpenses": 145000000, "acceptedDate": "2005-08-02 20:15:08", "fillingDate": "2005-08-03", "weightedAverageShsOutDil": 853105000, "costAndExpenses": 3093000000, "ebitda": 473000000, "ebitdaratio": 0.134375, "incomeBeforeTaxRatio": 0.134375, "incomeTaxExpense": 153000000, "totalOtherIncomeExpensesNet": 46000000, "grossProfit": 1044000000, "otherExpenses": 46000000, "incomeBeforeTax": 473000000, "operatingExpenses": 617000000, "generalAndAdministrativeExpenses": 472000000, "netIncome": 320000000, "symbol": "AAPL", "weightedAverageShsOut": 804098000, "period": "Q3", "link": "https://www.sec.gov/Archives/edgar/data/320193/000110465905035792/0001104659-05-035792-index.htm", "date": "2005-06-25", "netIncomeRatio": 0.09090909090909091, "grossProfitRatio": 0.29659090909090907, "interestExpense": 0.0, "eps": 1.13, "epsdiluted": 1.06, "depreciationAndAmortization": 46000000, "costOfRevenue": 2476000000, "operatingIncomeRatio": 0.12130681818181818, "operatingIncome": 427000000}, {"finalLink": "https://www.sec.gov/Archives/edgar/data/320193/000110465905020421/a05-7551_110q.htm", "sellingAndMarketingExpenses": 0.0, "revenue": 3243000000, "researchAndDevelopmentExpenses": 119000000, "acceptedDate": "2005-05-04 17:14:56", "fillingDate": "2005-05-04", "weightedAverageShsOutDil": 848553000, "costAndExpenses": 2841000000, "ebitda": 443000000, "ebitdaratio": 0.13660191181005243, "incomeBeforeTaxRatio": 0.1341350601295097, "incomeTaxExpense": 145000000, "totalOtherIncomeExpensesNet": 33000000, "grossProfit": 968000000, "otherExpenses": 33000000, "incomeBeforeTax": 435000000, "operatingExpenses": 566000000, "generalAndAdministrativeExpenses": 447000000, "netIncome": 290000000, "symbol": "AAPL", "weightedAverageShsOut": 798602000, "period": "Q2", "link": "https://www.sec.gov/Archives/edgar/data/320193/000110465905020421/0001104659-05-020421-index.htm", "date": "2005-03-26", "netIncomeRatio": 0.08942337341967314, "grossProfitRatio": 0.2984890533456676, "interestExpense": 0.0, "eps": 0.73, "epsdiluted": 0.69, "depreciationAndAmortization": 41000000, "costOfRevenue": 2275000000, "operatingIncomeRatio": 0.12395929694727105, "operatingIncome": 402000000}, {"finalLink": "https://www.sec.gov/Archives/edgar/data/320193/000110465905003520/a05-2329_110q.htm", "sellingAndMarketingExpenses": 0.0, "revenue": 3490000000, "researchAndDevelopmentExpenses": 123000000, "acceptedDate": "2005-02-01 17:25:52", "fillingDate": "2005-02-01", "weightedAverageShsOutDil": 419087000, "costAndExpenses": 3087000000, "ebitda": 444000000, "ebitdaratio": 0.12722063037249284, "incomeBeforeTaxRatio": 0.12292263610315186, "incomeTaxExpense": 134000000, "totalOtherIncomeExpensesNet": 26000000, "grossProfit": 996000000, "otherExpenses": 26000000, "incomeBeforeTax": 429000000, "operatingExpenses": 593000000, "generalAndAdministrativeExpenses": 470000000, "netIncome": 295000000, "symbol": "AAPL", "weightedAverageShsOut": 394516000, "period": "Q1", "link": "https://www.sec.gov/Archives/edgar/data/320193/000110465905003520/0001104659-05-003520-index.htm", "date": "2004-12-25", "netIncomeRatio": 0.08452722063037249, "grossProfitRatio": 0.28538681948424066, "interestExpense": 0.0, "eps": 0.75, "epsdiluted": 0.7, "depreciationAndAmortization": 41000000, "costOfRevenue": 2494000000, "operatingIncomeRatio": 0.1154727793696275, "operatingIncome": 403000000}, {"finalLink": "https://www.sec.gov/Archives/edgar/data/320193/000104746904035975/a2147337z10-k.htm", "sellingAndMarketingExpenses": 0.0, "revenue": 2350000000, "researchAndDevelopmentExpenses": 122000000, "acceptedDate": "2004-12-02 18:05:49", "fillingDate": "2004-12-03", "weightedAverageShsOutDil": 387311000, "costAndExpenses": 2222000000, "ebitda": 168000000, "ebitdaratio": 0.07148936170212766, "incomeBeforeTaxRatio": 0.0625531914893617, "incomeTaxExpense": 41000000, "totalOtherIncomeExpensesNet": 19000000, "grossProfit": 634000000, "otherExpenses": 5000000.0, "incomeBeforeTax": 147000000, "operatingExpenses": 506000000, "generalAndAdministrativeExpenses": 379000000, "netIncome": 106000000, "symbol": "AAPL", "weightedAverageShsOut": 371590000, "period": "FY", "link": "https://www.sec.gov/Archives/edgar/data/320193/000104746904035975/0001047469-04-035975-index.htm", "date": "2004-09-25", "netIncomeRatio": 0.0451063829787234, "grossProfitRatio": 0.26978723404255317, "interestExpense": 0.0, "eps": 0.74, "epsdiluted": 0.71, "depreciationAndAmortization": 40000000, "costOfRevenue": 1716000000, "operatingIncomeRatio": 0.05446808510638298, "operatingIncome": 128000000}, {"finalLink": "https://www.sec.gov/Archives/edgar/data/320193/000110465904022384/a04-8198_110q.htm", "sellingAndMarketingExpenses": 0.0, "revenue": 2014000000, "researchAndDevelopmentExpenses": 125000000, "acceptedDate": "2004-08-04 20:48:51", "fillingDate": "2004-08-05", "weightedAverageShsOutDil": 381259000, "costAndExpenses": 1942000000, "ebitda": 113000000, "ebitdaratio": 0.05610724925521351, "incomeBeforeTaxRatio": 0.04220456802383317, "incomeTaxExpense": 24000000, "totalOtherIncomeExpensesNet": 13000000, "grossProfit": 559000000, "otherExpenses": 8000000.0, "incomeBeforeTax": 85000000, "operatingExpenses": 487000000, "generalAndAdministrativeExpenses": 354000000, "netIncome": 61000000, "symbol": "AAPL", "weightedAverageShsOut": 367606000, "period": "Q3", "link": "https://www.sec.gov/Archives/edgar/data/320193/000110465904022384/0001104659-04-022384-index.htm", "date": "2004-06-26", "netIncomeRatio": 0.03028798411122145, "grossProfitRatio": 0.2775571002979146, "interestExpense": 0.0, "eps": 0.46, "epsdiluted": 0.45, "depreciationAndAmortization": 41000000, "costOfRevenue": 1455000000, "operatingIncomeRatio": 0.03574975173783516, "operatingIncome": 72000000}, {"finalLink": "https://www.sec.gov/Archives/edgar/data/320193/000110465904013021/a04-5089_110q.htm", "sellingAndMarketingExpenses": 0.0, "revenue": 1909000000, "researchAndDevelopmentExpenses": 123000000, "acceptedDate": "2004-05-06 17:26:09", "fillingDate": "2004-05-06", "weightedAverageShsOutDil": 375168000, "costAndExpenses": 1857000000, "ebitda": 88000000, "ebitdaratio": 0.04609743321110529, "incomeBeforeTaxRatio": 0.03352540597171294, "incomeTaxExpense": 18000000, "totalOtherIncomeExpensesNet": 12000000, "grossProfit": 530000000, "otherExpenses": -3000000.0, "incomeBeforeTax": 64000000, "operatingExpenses": 478000000, "generalAndAdministrativeExpenses": 345000000, "netIncome": 46000000, "symbol": "AAPL", "weightedAverageShsOut": 363898000, "period": "Q2", "link": "https://www.sec.gov/Archives/edgar/data/320193/000110465904013021/0001104659-04-013021-index.htm", "date": "2004-03-27", "netIncomeRatio": 0.024096385542168676, "grossProfitRatio": 0.27763226820324777, "interestExpense": 0.0, "eps": 0.3, "epsdiluted": 0.29, "depreciationAndAmortization": 36000000, "costOfRevenue": 1379000000, "operatingIncomeRatio": 0.027239392352016764, "operatingIncome": 52000000}, {"finalLink": "https://www.sec.gov/Archives/edgar/data/320193/000110465904003080/a04-1622_110q.htm", "sellingAndMarketingExpenses": 0.0, "revenue": 2006000000, "researchAndDevelopmentExpenses": 119000000, "acceptedDate": "2004-02-09 19:57:13", "fillingDate": "2004-02-10", "weightedAverageShsOutDil": 372308000, "costAndExpenses": 1932000000, "ebitda": 107000000, "ebitdaratio": 0.05333998005982054, "incomeBeforeTaxRatio": 0.043369890329012964, "incomeTaxExpense": 24000000, "totalOtherIncomeExpensesNet": 9000000.0, "grossProfit": 536000000, "otherExpenses": 13000000, "incomeBeforeTax": 87000000, "operatingExpenses": 462000000, "generalAndAdministrativeExpenses": 343000000, "netIncome": 63000000, "symbol": "AAPL", "weightedAverageShsOut": 362450000, "period": "Q1", "link": "https://www.sec.gov/Archives/edgar/data/320193/000110465904003080/0001104659-04-003080-index.htm", "date": "2003-12-27", "netIncomeRatio": 0.03140578265204387, "grossProfitRatio": 0.26719840478564305, "interestExpense": 0.0, "eps": 0.17, "epsdiluted": 0.17, "depreciationAndAmortization": 33000000, "costOfRevenue": 1470000000, "operatingIncomeRatio": 0.036889332003988036, "operatingIncome": 74000000}, {"finalLink": "https://www.sec.gov/Archives/edgar/data/320193/000104746903041604/a2124888z10-k.htm", "sellingAndMarketingExpenses": 0.0, "revenue": 1715000000, "researchAndDevelopmentExpenses": 111000000, "acceptedDate": "2003-12-19 17:25:45", "fillingDate": "2003-12-19", "weightedAverageShsOutDil": 363466000, "costAndExpenses": 1684000000, "ebitda": 51000000, "ebitdaratio": 0.029737609329446066, "incomeBeforeTaxRatio": 0.03206997084548105, "incomeTaxExpense": 14000000, "totalOtherIncomeExpensesNet": 16000000, "grossProfit": 456000000, "otherExpenses": 0.0, "incomeBeforeTax": 55000000, "operatingExpenses": 425000000, "generalAndAdministrativeExpenses": 314000000, "netIncome": 44000000, "symbol": "AAPL", "weightedAverageShsOut": 360631000, "period": "FY", "link": "https://www.sec.gov/Archives/edgar/data/320193/000104746903041604/0001047469-03-041604-index.htm", "date": "2003-09-27", "netIncomeRatio": 0.02565597667638484, "grossProfitRatio": 0.26588921282798833, "interestExpense": 0.0, "eps": 0.19, "epsdiluted": 0.19, "depreciationAndAmortization": 20000000, "costOfRevenue": 1259000000, "operatingIncomeRatio": 0.018075801749271137, "operatingIncome": 31000000}, {"finalLink": "https://www.sec.gov/Archives/edgar/data/320193/000110465903017766/a03-2128_110q.htm", "sellingAndMarketingExpenses": 0.0, "revenue": 1545000000, "researchAndDevelopmentExpenses": 120000000, "acceptedDate": "2003-08-12 16:09:14", "fillingDate": "2003-08-12", "weightedAverageShsOutDil": 362421000, "costAndExpenses": 1536000000, "ebitda": 40000000, "ebitdaratio": 0.025889967637540454, "incomeBeforeTaxRatio": 0.016828478964401296, "incomeTaxExpense": 7000000.0, "totalOtherIncomeExpensesNet": 15000000, "grossProfit": 428000000, "otherExpenses": 0.0, "incomeBeforeTax": 26000000, "operatingExpenses": 419000000, "generalAndAdministrativeExpenses": 299000000, "netIncome": 19000000, "symbol": "AAPL", "weightedAverageShsOut": 360113000, "period": "Q3", "link": "https://www.sec.gov/Archives/edgar/data/320193/000110465903017766/0001104659-03-017766-index.htm", "date": "2003-06-28", "netIncomeRatio": 0.012297734627831715, "grossProfitRatio": 0.27702265372168283, "interestExpense": 0.0, "eps": 0.07, "epsdiluted": 0.07, "depreciationAndAmortization": 31000000, "costOfRevenue": 1117000000, "operatingIncomeRatio": 0.005825242718446602, "operatingIncome": 9000000.0}, {"finalLink": "https://www.sec.gov/Archives/edgar/data/320193/000110465903009489/j0567_10q.htm", "sellingAndMarketingExpenses": 0.0, "revenue": 1475000000, "researchAndDevelopmentExpenses": 119000000, "acceptedDate": "2003-05-13 16:46:50", "fillingDate": "2003-05-13", "weightedAverageShsOutDil": 361591000, "costAndExpenses": 1479000000, "ebitda": 26000000, "ebitdaratio": 0.017627118644067796, "incomeBeforeTaxRatio": 0.01288135593220339, "incomeTaxExpense": 5000000.0, "totalOtherIncomeExpensesNet": 23000000, "grossProfit": 418000000, "otherExpenses": 3000000.0, "incomeBeforeTax": 19000000, "operatingExpenses": 422000000, "generalAndAdministrativeExpenses": 300000000, "netIncome": 14000000, "symbol": "AAPL", "weightedAverageShsOut": 359774000, "period": "Q2", "link": "https://www.sec.gov/Archives/edgar/data/320193/000110465903009489/0001104659-03-009489-index.htm", "date": "2003-03-29", "netIncomeRatio": 0.009491525423728813, "grossProfitRatio": 0.28338983050847455, "interestExpense": 0.0, "eps": 0.02, "epsdiluted": 0.02, "depreciationAndAmortization": 30000000, "costOfRevenue": 1057000000, "operatingIncomeRatio": -0.002711864406779661, "operatingIncome": -4000000.0}, {"finalLink": "https://www.sec.gov/Archives/edgar/data/320193/000104746903004566/a2102387z10-q.htm", "sellingAndMarketingExpenses": 0.0, "revenue": 1472000000, "researchAndDevelopmentExpenses": 121000000, "acceptedDate": "2003-02-10 16:43:14", "fillingDate": "2003-02-10", "weightedAverageShsOutDil": 359057000, "costAndExpenses": 1509000000, "ebitda": -5000000.0, "ebitdaratio": -0.0033967391304347825, "incomeBeforeTaxRatio": -0.005434782608695652, "incomeTaxExpense": -2000000.0, "totalOtherIncomeExpensesNet": 29000000, "grossProfit": 406000000, "otherExpenses": 23000000, "incomeBeforeTax": -8000000.0, "operatingExpenses": 443000000, "generalAndAdministrativeExpenses": 299000000, "netIncome": -8000000.0, "symbol": "AAPL", "weightedAverageShsOut": 359057000, "period": "Q1", "link": "https://www.sec.gov/Archives/edgar/data/320193/000104746903004566/0001047469-03-004566-index.htm", "date": "2002-12-28", "netIncomeRatio": -0.005434782608695652, "grossProfitRatio": 0.2758152173913043, "interestExpense": 0.0, "eps": -0.02, "epsdiluted": -0.02, "depreciationAndAmortization": 32000000, "costOfRevenue": 1066000000, "operatingIncomeRatio": -0.025135869565217392, "operatingIncome": -37000000}, {"finalLink": "https://www.sec.gov/Archives/edgar/data/320193/000104746902007674/a2096490z10-k.htm", "sellingAndMarketingExpenses": 0.0, "revenue": 4313000000, "researchAndDevelopmentExpenses": 340000000, "acceptedDate": "2002-12-19 17:20:21", "fillingDate": "2002-12-19", "weightedAverageShsOutDil": 361785000, "costAndExpenses": 4309000000, "ebitda": 37000000, "ebitdaratio": 0.008578715511245073, "incomeBeforeTaxRatio": 0.011129144447020635, "incomeTaxExpense": 15000000, "totalOtherIncomeExpensesNet": 86000000, "grossProfit": 1212000000, "otherExpenses": 29000000, "incomeBeforeTax": 48000000, "operatingExpenses": 1208000000, "generalAndAdministrativeExpenses": 839000000, "netIncome": 33000000, "symbol": "AAPL", "weightedAverageShsOut": 355022000, "period": "FY", "link": "https://www.sec.gov/Archives/edgar/data/320193/000104746902007674/0001047469-02-007674-index.htm", "date": "2002-09-28", "netIncomeRatio": 0.007651286807326687, "grossProfitRatio": 0.281010897287271, "interestExpense": 0.0, "eps": 0.18, "epsdiluted": 0.18, "depreciationAndAmortization": 33000000, "costOfRevenue": 3101000000, "operatingIncomeRatio": 0.0009274287039183863, "operatingIncome": 4000000.0}, {"finalLink": "https://www.sec.gov/Archives/edgar/data/320193/000091205702030796/a2086025z10-q.htm", "sellingAndMarketingExpenses": 0.0, "revenue": 1429000000, "researchAndDevelopmentExpenses": 106000000, "acceptedDate": "2002-08-09 16:52:48", "fillingDate": "2002-08-09", "weightedAverageShsOutDil": 366882000, "costAndExpenses": 1416000000, "ebitda": 41000000, "ebitdaratio": 0.028691392582225334, "incomeBeforeTaxRatio": 0.02729181245626312, "incomeTaxExpense": 7000000.0, "totalOtherIncomeExpensesNet": 26000000, "grossProfit": 391000000, "otherExpenses": 0.0, "incomeBeforeTax": 39000000, "operatingExpenses": 378000000, "generalAndAdministrativeExpenses": 272000000, "netIncome": 32000000, "symbol": "AAPL", "weightedAverageShsOut": 356370000, "period": "Q3", "link": "https://www.sec.gov/Archives/edgar/data/320193/000091205702030796/0000912057-02-030796-index.htm", "date": "2002-06-29", "netIncomeRatio": 0.02239328201539538, "grossProfitRatio": 0.2736179146256123, "interestExpense": 0.0, "eps": 0.09, "epsdiluted": 0.09, "depreciationAndAmortization": 28000000, "costOfRevenue": 1038000000, "operatingIncomeRatio": 0.009097270818754374, "operatingIncome": 13000000}, {"finalLink": "https://www.sec.gov/Archives/edgar/data/320193/000091205702020280/a2079853z10-q.htm", "sellingAndMarketingExpenses": 0.0, "revenue": 120000000, "researchAndDevelopmentExpenses": -2000000.0, "acceptedDate": "2002-05-14 17:08:24", "fillingDate": "2002-05-14", "weightedAverageShsOutDil": 365969000, "costAndExpenses": 88000000, "ebitda": 4000000.0, "ebitdaratio": 0.03333333333333333, "incomeBeforeTaxRatio": 0.016666666666666666, "incomeTaxExpense": 0.0, "totalOtherIncomeExpensesNet": -7000000.0, "grossProfit": -13000000, "otherExpenses": -24000000, "incomeBeforeTax": 2000000.0, "operatingExpenses": -45000000, "generalAndAdministrativeExpenses": -19000000, "netIncome": 2000000.0, "symbol": "AAPL", "weightedAverageShsOut": 353480000, "period": "Q2", "link": "https://www.sec.gov/Archives/edgar/data/320193/000091205702020280/0000912057-02-020280-index.htm", "date": "2002-03-30", "netIncomeRatio": 0.016666666666666666, "grossProfitRatio": -0.10833333333333334, "interestExpense": 0.0, "eps": 0.11, "epsdiluted": 0.11, "depreciationAndAmortization": 29000000, "costOfRevenue": 133000000, "operatingIncomeRatio": -0.20833333333333334, "operatingIncome": -25000000}, {"finalLink": "https://www.sec.gov/Archives/edgar/data/320193/000091205702004945/a2069685z10-q.htm", "sellingAndMarketingExpenses": 0.0, "revenue": 1375000000, "researchAndDevelopmentExpenses": 113000000, "acceptedDate": "2002-02-11 00:00:00", "fillingDate": "2002-02-11", "weightedAverageShsOutDil": 357509000, "costAndExpenses": 1379000000, "ebitda": 81000000, "ebitdaratio": 0.05890909090909091, "incomeBeforeTaxRatio": 0.03854545454545454, "incomeTaxExpense": 15000000, "totalOtherIncomeExpensesNet": 34000000, "grossProfit": 422000000, "otherExpenses": 24000000, "incomeBeforeTax": 53000000, "operatingExpenses": 426000000, "generalAndAdministrativeExpenses": 289000000, "netIncome": 38000000, "symbol": "AAPL", "weightedAverageShsOut": 351330000, "period": "Q1", "link": "https://www.sec.gov/Archives/edgar/data/320193/000091205702004945/0000912057-02-004945-index.htm", "date": "2001-12-29", "netIncomeRatio": 0.027636363636363636, "grossProfitRatio": 0.3069090909090909, "interestExpense": 0.0, "eps": 0.11, "epsdiluted": 0.11, "depreciationAndAmortization": 28000000, "costOfRevenue": 953000000, "operatingIncomeRatio": 0.03854545454545454, "operatingIncome": 53000000}, {"finalLink": "https://www.sec.gov/Archives/edgar/data/320193/000091205701544436/a2066171z10-k405.htm", "sellingAndMarketingExpenses": 0.0, "revenue": 3888000000, "researchAndDevelopmentExpenses": 319000000, "acceptedDate": "2001-12-21 00:00:00", "fillingDate": "2001-12-21", "weightedAverageShsOutDil": 345613000, "costAndExpenses": 4263000000, "ebitda": -345000000, "ebitdaratio": -0.08873456790123457, "incomeBeforeTaxRatio": -0.03575102880658436, "incomeTaxExpense": -41000000, "totalOtherIncomeExpensesNet": 172000000, "grossProfit": 801000000, "otherExpenses": 0.0, "incomeBeforeTax": -139000000, "operatingExpenses": 1176000000, "generalAndAdministrativeExpenses": 857000000, "netIncome": -86000000, "symbol": "AAPL", "weightedAverageShsOut": 345613000, "period": "FY", "link": "https://www.sec.gov/Archives/edgar/data/320193/000091205701544436/0000912057-01-544436-index.htm", "date": "2001-09-29", "netIncomeRatio": -0.022119341563786008, "grossProfitRatio": 0.20601851851851852, "interestExpense": -45000000, "eps": -0.11, "epsdiluted": -0.11, "depreciationAndAmortization": 30000000, "costOfRevenue": 3087000000, "operatingIncomeRatio": -0.09645061728395062, "operatingIncome": -375000000}, {"finalLink": "https://www.sec.gov/Archives/edgar/data/320193/000091205701528148/a2056203z10-q.htm", "sellingAndMarketingExpenses": 0.0, "revenue": 44000000, "researchAndDevelopmentExpenses": 10000000, "acceptedDate": "2001-08-13 00:00:00", "fillingDate": "2001-08-13", "weightedAverageShsOutDil": 358912000, "costAndExpenses": 5000000.0, "ebitda": 65000000, "ebitdaratio": 1.4772727272727273, "incomeBeforeTaxRatio": 0.5681818181818182, "incomeTaxExpense": 7000000.0, "totalOtherIncomeExpensesNet": -20000000, "grossProfit": 39000000, "otherExpenses": 11000000, "incomeBeforeTax": 25000000, "operatingExpenses": 10000000, "generalAndAdministrativeExpenses": -11000000, "netIncome": 18000000, "symbol": "AAPL", "weightedAverageShsOut": 348765000, "period": "Q3", "link": "https://www.sec.gov/Archives/edgar/data/320193/000091205701528148/0000912057-01-528148-index.htm", "date": "2001-06-30", "netIncomeRatio": 0.4090909090909091, "grossProfitRatio": 0.8863636363636364, "interestExpense": 45000000, "eps": 0.17, "epsdiluted": 0.17, "depreciationAndAmortization": 26000000, "costOfRevenue": 5000000.0, "operatingIncomeRatio": 0.8863636363636364, "operatingIncome": 39000000}]