[{"finalLink": "https://www.sec.gov/Archives/edgar/data/77476/000007747620000015/pepsico201910-k.htm", "sellingAndMarketingExpenses": 0, "revenue": 67161000000, "researchAndDevelopmentExpenses": 711000000, "acceptedDate": "2020-02-13 06:09:23", "fillingDate": "2020-02-13", "weightedAverageShsOutDil": 1407000000, "costAndExpenses": 57581000000, "ebitda": 12723000000, "ebitdaratio": 0.189440300174, "incomeBeforeTaxRatio": 0.13865189619, "incomeTaxExpense": 1959000000, "totalOtherIncomeExpensesNet": -44000000, "grossProfit": 37029000000, "otherExpenses": -44000000, "incomeBeforeTax": 9312000000, "operatingExpenses": 27449000000, "generalAndAdministrativeExpenses": 26738000000, "netIncome": 7314000000, "symbol": "PEP", "weightedAverageShsOut": 1399000000, "period": "FY", "link": "https://www.sec.gov/Archives/edgar/data/77476/000007747620000015/0000077476-20-000015-index.htm", "date": "2019-12-28", "netIncomeRatio": 0.108902488051, "grossProfitRatio": 0.551346763747, "interestExpense": 1135000000, "eps": 5.23, "epsdiluted": 5.2, "depreciationAndAmortization": 2432000000, "costOfRevenue": 30132000000, "operatingIncomeRatio": 0.153228808386, "operatingIncome": 10291000000}, {"finalLink": "https://www.sec.gov/Archives/edgar/data/77476/000007747619000017/pepsico201810-k.htm", "sellingAndMarketingExpenses": 0, "revenue": 64661000000, "researchAndDevelopmentExpenses": 680000000, "acceptedDate": "2019-02-15 16:23:02", "fillingDate": "2019-02-15", "weightedAverageShsOutDil": 1425000000, "costAndExpenses": 55231000000, "ebitda": 12509000000, "ebitdaratio": 0.193455096581, "incomeBeforeTaxRatio": 0.142110391117, "incomeTaxExpense": -3370000000, "totalOtherIncomeExpensesNet": 298000000, "grossProfit": 35280000000, "otherExpenses": 298000000, "incomeBeforeTax": 9189000000, "operatingExpenses": 25850000000, "generalAndAdministrativeExpenses": 25170000000, "netIncome": 12515000000, "symbol": "PEP", "weightedAverageShsOut": 1415000000, "period": "FY", "link": "https://www.sec.gov/Archives/edgar/data/77476/000007747619000017/0000077476-19-000017-index.htm", "date": "2018-12-29", "netIncomeRatio": 0.193547888217, "grossProfitRatio": 0.545614821917, "interestExpense": 1525000000, "eps": 8.84, "epsdiluted": 8.78, "depreciationAndAmortization": 2399000000, "costOfRevenue": 29381000000, "operatingIncomeRatio": 0.156353907301, "operatingIncome": 10110000000}, {"finalLink": "https://www.sec.gov/Archives/edgar/data/77476/000007747618000012/pepsico201710-k.htm", "sellingAndMarketingExpenses": 0, "revenue": 63525000000, "researchAndDevelopmentExpenses": 737000000, "acceptedDate": "2018-02-13 16:32:31", "fillingDate": "2018-02-13", "weightedAverageShsOutDil": 1438000000, "costAndExpenses": 53753000000, "ebitda": 12878000000, "ebitdaratio": 0.202723337269, "incomeBeforeTaxRatio": 0.151153089335, "incomeTaxExpense": 4694000000, "totalOtherIncomeExpensesNet": 244000000, "grossProfit": 34740000000, "otherExpenses": 0, "incomeBeforeTax": 9602000000, "operatingExpenses": 24968000000, "generalAndAdministrativeExpenses": 24231000000, "netIncome": 4857000000, "symbol": "PEP", "weightedAverageShsOut": 1425000000, "period": "FY", "link": "https://www.sec.gov/Archives/edgar/data/77476/000007747618000012/0000077476-18-000012-index.htm", "date": "2017-12-30", "netIncomeRatio": 0.0764580873672, "grossProfitRatio": 0.546871310508, "interestExpense": 1151000000, "eps": 3.4, "epsdiluted": 3.38, "depreciationAndAmortization": 2369000000, "costOfRevenue": 28785000000, "operatingIncomeRatio": 0.165430932704, "operatingIncome": 10509000000}, {"finalLink": "https://www.sec.gov/Archives/edgar/data/77476/000007747617000010/pepsico201610-k.htm", "sellingAndMarketingExpenses": 0, "revenue": 62799000000, "researchAndDevelopmentExpenses": 760000000, "acceptedDate": "2017-02-15 16:35:15", "fillingDate": "2017-02-15", "weightedAverageShsOutDil": 1452000000, "costAndExpenses": 53774000000, "ebitda": 12153000000, "ebitdaratio": 0.193522189844, "incomeBeforeTaxRatio": 0.136196436249, "incomeTaxExpense": 2174000000, "totalOtherIncomeExpensesNet": 110000000, "grossProfit": 34590000000, "otherExpenses": 0, "incomeBeforeTax": 8553000000, "operatingExpenses": 25565000000, "generalAndAdministrativeExpenses": 24735000000, "netIncome": 6329000000, "symbol": "PEP", "weightedAverageShsOut": 1439000000, "period": "FY", "link": "https://www.sec.gov/Archives/edgar/data/77476/000007747617000010/0000077476-17-000010-index.htm", "date": "2016-12-31", "netIncomeRatio": 0.100781859584, "grossProfitRatio": 0.550804949123, "interestExpense": 1342000000, "eps": 4.39, "epsdiluted": 4.36, "depreciationAndAmortization": 2368000000, "costOfRevenue": 28209000000, "operatingIncomeRatio": 0.155814583035, "operatingIncome": 9785000000}, {"finalLink": "https://www.sec.gov/Archives/edgar/data/77476/000007747616000066/pepsico201510-k.htm", "sellingAndMarketingExpenses": 0, "revenue": 63056000000, "researchAndDevelopmentExpenses": 754000000, "acceptedDate": "2016-02-11 16:40:10", "fillingDate": "2016-02-11", "weightedAverageShsOutDil": 1485000000, "costAndExpenses": 54098000000, "ebitda": 10769000000, "ebitdaratio": 0.170784699315, "incomeBeforeTaxRatio": 0.118022075615, "incomeTaxExpense": 1941000000, "totalOtherIncomeExpensesNet": 59000000, "grossProfit": 34672000000, "otherExpenses": 0, "incomeBeforeTax": 7442000000, "operatingExpenses": 25714000000, "generalAndAdministrativeExpenses": 24885000000, "netIncome": 5452000000, "symbol": "PEP", "weightedAverageShsOut": 1469000000, "period": "FY", "link": "https://www.sec.gov/Archives/edgar/data/77476/000007747616000066/0000077476-16-000066-index.htm", "date": "2015-12-26", "netIncomeRatio": 0.0864628266937, "grossProfitRatio": 0.549860441512, "interestExpense": 970000000, "eps": 3.71, "epsdiluted": 3.67, "depreciationAndAmortization": 2416000000, "costOfRevenue": 28384000000, "operatingIncomeRatio": 0.132469550875, "operatingIncome": 8353000000}, {"finalLink": "https://www.sec.gov/Archives/edgar/data/77476/000007747615000012/pepsico201410-k.htm", "sellingAndMarketingExpenses": 0, "revenue": 66683000000, "researchAndDevelopmentExpenses": 718000000, "acceptedDate": "2015-02-12 17:01:46", "fillingDate": "2015-02-12", "weightedAverageShsOutDil": 1527000000, "costAndExpenses": 57820000000, "ebitda": 12206000000, "ebitdaratio": 0.183045153937, "incomeBeforeTaxRatio": 0.131322825908, "incomeTaxExpense": 2199000000, "totalOtherIncomeExpensesNet": 85000000, "grossProfit": 35799000000, "otherExpenses": 0, "incomeBeforeTax": 8757000000, "operatingExpenses": 26936000000, "generalAndAdministrativeExpenses": 26126000000, "netIncome": 6513000000, "symbol": "PEP", "weightedAverageShsOut": 1509000000, "period": "FY", "link": "https://www.sec.gov/Archives/edgar/data/77476/000007747615000012/0000077476-15-000012-index.htm", "date": "2014-12-27", "netIncomeRatio": 0.0976710705877, "grossProfitRatio": 0.5368534709, "interestExpense": 909000000, "eps": 4.31, "epsdiluted": 4.27, "depreciationAndAmortization": 2625000000, "costOfRevenue": 30884000000, "operatingIncomeRatio": 0.143679798449, "operatingIncome": 9581000000}, {"finalLink": "https://www.sec.gov/Archives/edgar/data/77476/000007747614000007/pepsico201310-k.htm", "sellingAndMarketingExpenses": 0, "revenue": 66415000000, "researchAndDevelopmentExpenses": 665000000, "acceptedDate": "2014-02-14 16:26:07", "fillingDate": "2014-02-14", "weightedAverageShsOutDil": 1560000000, "costAndExpenses": 57375000000, "ebitda": 12368000000, "ebitdaratio": 0.186222991794, "incomeBeforeTaxRatio": 0.133870360611, "incomeTaxExpense": 2104000000, "totalOtherIncomeExpensesNet": 97000000, "grossProfit": 35172000000, "otherExpenses": 0, "incomeBeforeTax": 8891000000, "operatingExpenses": 26132000000, "generalAndAdministrativeExpenses": 25357000000, "netIncome": 6740000000, "symbol": "PEP", "weightedAverageShsOut": 1541000000, "period": "FY", "link": "https://www.sec.gov/Archives/edgar/data/77476/000007747614000007/0000077476-14-000007-index.htm", "date": "2013-12-28", "netIncomeRatio": 0.101483098698, "grossProfitRatio": 0.529579161334, "interestExpense": 911000000, "eps": 4.37, "epsdiluted": 4.32, "depreciationAndAmortization": 2663000000, "costOfRevenue": 31243000000, "operatingIncomeRatio": 0.146126628021, "operatingIncome": 9705000000}, {"finalLink": "https://www.sec.gov/Archives/edgar/data/77476/000144530513000278/pepsico201210-k.htm", "sellingAndMarketingExpenses": 0, "revenue": 65492000000, "researchAndDevelopmentExpenses": 552000000, "acceptedDate": "2013-02-21 16:46:15", "fillingDate": "2013-02-21", "weightedAverageShsOutDil": 1575000000, "costAndExpenses": 56932000000, "ebitda": 11801000000, "ebitdaratio": 0.180189946864, "incomeBeforeTaxRatio": 0.126794112258, "incomeTaxExpense": 2090000000, "totalOtherIncomeExpensesNet": 91000000, "grossProfit": 34201000000, "otherExpenses": 0, "incomeBeforeTax": 8304000000, "operatingExpenses": 25641000000, "generalAndAdministrativeExpenses": 24970000000, "netIncome": 6178000000, "symbol": "PEP", "weightedAverageShsOut": 1557000000, "period": "FY", "link": "https://www.sec.gov/Archives/edgar/data/77476/000144530513000278/0001445305-13-000278-index.htm", "date": "2012-12-29", "netIncomeRatio": 0.0943321321688, "grossProfitRatio": 0.522216453918, "interestExpense": 899000000, "eps": 3.96, "epsdiluted": 3.92, "depreciationAndAmortization": 2689000000, "costOfRevenue": 31291000000, "operatingIncomeRatio": 0.139131496977, "operatingIncome": 9112000000}, {"finalLink": "https://www.sec.gov/Archives/edgar/data/77476/000119312512081822/d269581d10k.htm", "sellingAndMarketingExpenses": 0, "revenue": 66504000000, "researchAndDevelopmentExpenses": 525000000, "acceptedDate": "2012-02-27 16:50:56", "fillingDate": "2012-02-27", "weightedAverageShsOutDil": 1597000000, "costAndExpenses": 57396000000, "ebitda": 12370000000, "ebitdaratio": 0.186003849393, "incomeBeforeTaxRatio": 0.132834115241, "incomeTaxExpense": 2372000000, "totalOtherIncomeExpensesNet": 57000000, "grossProfit": 34911000000, "otherExpenses": 0, "incomeBeforeTax": 8834000000, "operatingExpenses": 25803000000, "generalAndAdministrativeExpenses": 25145000000, "netIncome": 6443000000, "symbol": "PEP", "weightedAverageShsOut": 1576000000, "period": "FY", "link": "https://www.sec.gov/Archives/edgar/data/77476/000119312512081822/0001193125-12-081822-index.htm", "date": "2011-12-31", "netIncomeRatio": 0.096881390593, "grossProfitRatio": 0.524945867918, "interestExpense": 856000000, "eps": 4.08, "epsdiluted": 4.03, "depreciationAndAmortization": 2737000000, "costOfRevenue": 31593000000, "operatingIncomeRatio": 0.14484843017, "operatingIncome": 9633000000}, {"finalLink": "https://www.sec.gov/Archives/edgar/data/77476/000119312511040427/d10k.htm", "sellingAndMarketingExpenses": 0, "revenue": 57838000000, "researchAndDevelopmentExpenses": 488000000, "acceptedDate": "2011-02-18 16:57:00", "fillingDate": "2011-02-18", "weightedAverageShsOutDil": 1614000000, "costAndExpenses": 49994000000, "ebitda": 10659000000, "ebitdaratio": 0.184290604793, "incomeBeforeTaxRatio": 0.142328572911, "incomeTaxExpense": 1894000000, "totalOtherIncomeExpensesNet": 0, "grossProfit": 31263000000, "otherExpenses": 0, "incomeBeforeTax": 8232000000, "operatingExpenses": 23419000000, "generalAndAdministrativeExpenses": 22814000000, "netIncome": 6320000000, "symbol": "PEP", "weightedAverageShsOut": 1590000000, "period": "FY", "link": "https://www.sec.gov/Archives/edgar/data/77476/000119312511040427/0001193125-11-040427-index.htm", "date": "2010-12-25", "netIncomeRatio": 0.109270721671, "grossProfitRatio": 0.540526989177, "interestExpense": 903000000, "eps": 3.97, "epsdiluted": 3.91, "depreciationAndAmortization": 2327000000, "costOfRevenue": 26575000000, "operatingIncomeRatio": 0.144057540026, "operatingIncome": 8332000000}, {"finalLink": "https://www.sec.gov/Archives/edgar/data/77476/000119312510036385/d10k.htm", "sellingAndMarketingExpenses": 0, "revenue": 43232000000, "researchAndDevelopmentExpenses": 0, "acceptedDate": "2010-02-22 16:19:59", "fillingDate": "2010-02-22", "weightedAverageShsOutDil": 1614000000, "costAndExpenses": 15026000000, "ebitda": 9714000000, "ebitdaratio": 0.22469467061435974, "incomeBeforeTaxRatio": 0.18687546262028126, "incomeTaxExpense": 2100000000, "totalOtherIncomeExpensesNet": 0, "grossProfit": 43232000000, "otherExpenses": 0, "incomeBeforeTax": 8079000000, "operatingExpenses": 15026000000, "generalAndAdministrativeExpenses": 15026000000, "netIncome": 5979000000, "symbol": "PEP", "weightedAverageShsOut": 1590000000, "period": "FY", "link": "https://www.sec.gov/Archives/edgar/data/77476/000119312510036385/0001193125-10-036385-index.htm", "date": "2009-12-26", "netIncomeRatio": 0.13830033308660253, "grossProfitRatio": 1, "interestExpense": 397000000, "eps": 3.81, "epsdiluted": 3.77, "depreciationAndAmortization": 1635000000, "costOfRevenue": 0, "operatingIncomeRatio": 0.18687546262028126, "operatingIncome": 8079000000}, {"finalLink": "https://www.sec.gov/Archives/edgar/data/77476/000119312509033126/d10k.htm", "sellingAndMarketingExpenses": 0, "revenue": 43251000000, "researchAndDevelopmentExpenses": 0, "acceptedDate": "2009-02-19 16:40:23", "fillingDate": "2009-02-19", "weightedAverageShsOutDil": 1601869158, "costAndExpenses": 36252000000, "ebitda": 8564000000, "ebitdaratio": 0.1980069824975145, "incomeBeforeTaxRatio": 0.16233150678597028, "incomeTaxExpense": 1879000000, "totalOtherIncomeExpensesNet": 0, "grossProfit": 22900000000, "otherExpenses": 0, "incomeBeforeTax": 7021000000, "operatingExpenses": 15901000000, "generalAndAdministrativeExpenses": 15901000000, "netIncome": 5142000000, "symbol": "PEP", "weightedAverageShsOut": 1577300613, "period": "FY", "link": "https://www.sec.gov/Archives/edgar/data/77476/000119312509033126/0001193125-09-033126-index.htm", "date": "2008-12-27", "netIncomeRatio": 0.11888742456821808, "grossProfitRatio": 0.529467526762387, "interestExpense": 329000000, "eps": 3.26, "epsdiluted": 3.21, "depreciationAndAmortization": 1543000000, "costOfRevenue": 20351000000, "operatingIncomeRatio": 0.16233150678597028, "operatingIncome": 7021000000}, {"finalLink": "https://www.sec.gov/Archives/edgar/data/77476/000119312508032441/d10k.htm", "sellingAndMarketingExpenses": 0, "revenue": 39474000000, "researchAndDevelopmentExpenses": 0, "acceptedDate": "2008-02-15 15:27:59", "fillingDate": "2008-02-15", "weightedAverageShsOutDil": 1659237536, "costAndExpenses": 32246000000, "ebitda": 9057000000, "ebitdaratio": 0.2294421644626843, "incomeBeforeTaxRatio": 0.19331712012970562, "incomeTaxExpense": 1973000000, "totalOtherIncomeExpensesNet": 0, "grossProfit": 21436000000, "otherExpenses": 0, "incomeBeforeTax": 7631000000, "operatingExpenses": 14208000000, "generalAndAdministrativeExpenses": 14208000000, "netIncome": 5658000000, "symbol": "PEP", "weightedAverageShsOut": 1625862068, "period": "FY", "link": "https://www.sec.gov/Archives/edgar/data/77476/000119312508032441/0001193125-08-032441-index.htm", "date": "2007-12-29", "netIncomeRatio": 0.14333485332117343, "grossProfitRatio": 0.5430409890054213, "interestExpense": 224000000, "eps": 3.48, "epsdiluted": 3.41, "depreciationAndAmortization": 1426000000, "costOfRevenue": 18038000000, "operatingIncomeRatio": 0.19331712012970562, "operatingIncome": 7631000000}, {"finalLink": "https://www.sec.gov/Archives/edgar/data/77476/000119312507035201/d10k.htm", "sellingAndMarketingExpenses": 0, "revenue": 35137000000, "researchAndDevelopmentExpenses": 0, "acceptedDate": "2007-02-20 16:57:17", "fillingDate": "2007-02-20", "weightedAverageShsOutDil": 1649707602, "costAndExpenses": 28536000000, "ebitda": 7048000000, "ebitdaratio": 0.20058627657455105, "incomeBeforeTaxRatio": 0.19890713492899223, "incomeTaxExpense": 1347000000, "totalOtherIncomeExpensesNet": 0, "grossProfit": 19375000000, "otherExpenses": 0, "incomeBeforeTax": 6989000000, "operatingExpenses": 12774000000, "generalAndAdministrativeExpenses": 12774000000, "netIncome": 5642000000, "symbol": "PEP", "weightedAverageShsOut": 1649707602, "period": "FY", "link": "https://www.sec.gov/Archives/edgar/data/77476/000119312507035201/0001193125-07-035201-index.htm", "date": "2006-12-30", "netIncomeRatio": 0.16057147736004782, "grossProfitRatio": 0.5514130403847796, "interestExpense": 239000000, "eps": 3.42, "epsdiluted": 3.42, "depreciationAndAmortization": 1406000000, "costOfRevenue": 15762000000, "operatingIncomeRatio": 0.16057147736004782, "operatingIncome": 5642000000}, {"finalLink": "https://www.sec.gov/Archives/edgar/data/77476/000119312506039968/d10k.htm", "sellingAndMarketingExpenses": 0, "revenue": 32562000000, "researchAndDevelopmentExpenses": 0, "acceptedDate": "2006-02-27 15:59:51", "fillingDate": "2006-02-27", "weightedAverageShsOutDil": 1678189300, "costAndExpenses": 26490000000, "ebitda": 5386000000, "ebitdaratio": 0.16540753024998464, "incomeBeforeTaxRatio": 0.19599533198206498, "incomeTaxExpense": 2304000000, "totalOtherIncomeExpensesNet": 0, "grossProfit": 18386000000, "otherExpenses": 0, "incomeBeforeTax": 6382000000, "operatingExpenses": 12314000000, "generalAndAdministrativeExpenses": 12314000000, "netIncome": 4078000000, "symbol": "PEP", "weightedAverageShsOut": 1678189300, "period": "FY", "link": "https://www.sec.gov/Archives/edgar/data/77476/000119312506039968/0001193125-06-039968-index.htm", "date": "2005-12-31", "netIncomeRatio": 0.12523800749339722, "grossProfitRatio": 0.5646459062711136, "interestExpense": 256000000, "eps": 2.43, "epsdiluted": 2.43, "depreciationAndAmortization": 1308000000, "costOfRevenue": 14176000000, "operatingIncomeRatio": 0.12523800749339722, "operatingIncome": 4078000000}, {"finalLink": "https://www.sec.gov/Archives/edgar/data/77476/000119312505037811/d10k.htm", "sellingAndMarketingExpenses": 0, "revenue": 29261000000, "researchAndDevelopmentExpenses": 0, "acceptedDate": "2005-02-28 06:56:22", "fillingDate": "2005-02-28", "weightedAverageShsOutDil": 1719183673, "costAndExpenses": 23705000000, "ebitda": 5438000000, "ebitdaratio": 0.185844639622706, "incomeBeforeTaxRatio": 0.18953555927685314, "incomeTaxExpense": 1372000000, "totalOtherIncomeExpensesNet": 0, "grossProfit": 15855000000, "otherExpenses": 0, "incomeBeforeTax": 5546000000, "operatingExpenses": 10299000000, "generalAndAdministrativeExpenses": 10299000000, "netIncome": 4212000000, "symbol": "PEP", "weightedAverageShsOut": 1719183673, "period": "FY", "link": "https://www.sec.gov/Archives/edgar/data/77476/000119312505037811/0001193125-05-037811-index.htm", "date": "2004-12-25", "netIncomeRatio": 0.14394586651173918, "grossProfitRatio": 0.5418475103379925, "interestExpense": 167000000, "eps": 2.45, "epsdiluted": 2.45, "depreciationAndAmortization": 1264000000, "costOfRevenue": 13406000000, "operatingIncomeRatio": 0.1426472095963911, "operatingIncome": 4174000000}, {"finalLink": "https://www.sec.gov/Archives/edgar/data/77476/000119312504034074/d10k.htm", "sellingAndMarketingExpenses": 0, "revenue": 26971000000, "researchAndDevelopmentExpenses": 0, "acceptedDate": "2004-03-03 21:48:04", "fillingDate": "2004-03-04", "weightedAverageShsOutDil": 6731250000, "costAndExpenses": 21839000000, "ebitda": 6213000000, "ebitdaratio": 0.23035853323940528, "incomeBeforeTaxRatio": 0.18508768677468393, "incomeTaxExpense": 1424000000, "totalOtherIncomeExpensesNet": 0, "grossProfit": 14592000000, "otherExpenses": 0, "incomeBeforeTax": 4992000000, "operatingExpenses": 9460000000, "generalAndAdministrativeExpenses": 9460000000, "netIncome": 3568000000, "symbol": "PEP", "weightedAverageShsOut": 6731250000, "period": "FY", "link": "https://www.sec.gov/Archives/edgar/data/77476/000119312504034074/0001193125-04-034074-index.htm", "date": "2003-12-27", "netIncomeRatio": 0.13229023766267473, "grossProfitRatio": 0.5410255459567683, "interestExpense": 163000000, "eps": 0, "epsdiluted": 0, "depreciationAndAmortization": 1221000000, "costOfRevenue": 12379000000, "operatingIncomeRatio": 0.18508768677468393, "operatingIncome": 4992000000}]